2768 4200
204 219 242 274 cr
573 218 625 272 oa
645 217 770 274 nunno
792 188 913 272 'civim

207 386 239 445 et
262 379 405 464 vestigio
429 377 587 462 temporis
611 377 757 460 primum
781 398 902 461 agmen
927 383 997 441 erat
1028 377 1062 441 in
1087 380 1279 459 conspectu.

167 506 184 544 :r
207 486 354 551 novitate
376 486 424 550 rei
447 485 548 550 Curio
572 492 740 568 permotus
764 483 947 568 praemittit
970 484 1107 569 equites,
1132 483 1188 568 qui
1211 483 1282 566 pri-

208 615 300 658 mum
315 592 476 676 impetum
492 592 678 656 sustineant
702 613 742 656 ac
763 597 947 670 morentur;
971 592 1044 675 ipse
1068 591 1218 656 celeriter
1238 592 1281 654 ab

172 720 307 783 rupere
337 698 488 763 deductis
523 697 715 782 legionibus
753 699 861 763 aciem
893 698 1038 764 instruit.
1085 698 1282 784 equitesque

209 807 421 872 committunt
436 805 598 889 proelium
617 812 658 891 et,
676 805 870 890 priusquam
889 807 988 890 plane
1007 806 1156 890 legiones
1175 805 1283 889 expli-

208 915 279 981 cari
301 920 334 979 et
356 914 538 978 consistere
561 919 707 996 possent,
730 920 800 979 tota
815 913 939 977 auxilia
953 913 1043 997 regis
1061 913 1223 996 impedita
1240 933 1281 977 ac

208 1021 413 1105 perturbata,
438 1020 526 1102 quod
549 1017 640 1082 nullo
664 1018 780 1082 ordine
804 1025 837 1082 et
865 1018 936 1082 sine
961 1018 1078 1082 timore
1106 1018 1168 1083 iter
1191 1018 1282 1081 fece-

209 1133 293 1204 rant,
317 1126 352 1189 in
369 1126 486 1209 fugam
503 1124 672 1189 coniciunt
688 1126 904 1209 equitatuque
920 1125 1012 1189 omni
1032 1125 1101 1189 fere
1123 1123 1283 1189 incolumi

210 1234 298 1318 quod
317 1254 353 1297 se
377 1253 436 1316 per
453 1231 552 1295 litora
567 1231 717 1296 celeriter
731 1231 767 1295 in
786 1232 946 1316 oppidum
969 1232 1097 1315 recipit,
1120 1253 1284 1317 magnum

209 1336 360 1424 peditum
383 1358 560 1402 numerum
583 1335 797 1402 interficiunt.

175 1466 187 1507 r
299 1443 442 1510 XXVII.
466 1441 623 1507 Proxima
651 1448 747 1506 nocte
778 1443 986 1508 centuriones
1014 1443 1118 1508 Marsi
1146 1444 1211 1508 duo
1242 1466 1285 1509 ex

211 1551 329 1617 castris
354 1548 508 1614 Curionis
531 1570 608 1612 cum
632 1548 898 1632 manipularibus
922 1550 992 1614 suis
1020 1550 1122 1614 XXII
1149 1550 1193 1613 ad
1220 1551 1284 1615 At-

174 1679 188 1721 2
212 1658 294 1724 tium
317 1658 444 1721 Varum
469 1654 673 1739 perfugiunt.
713 1656 751 1719 hi
774 1656 846 1721 sive
869 1679 948 1722 vere
973 1679 1073 1742 quam
1097 1657 1285 1723 habuerant

212 1765 400 1849 opinionem
425 1764 469 1827 ad
493 1784 570 1827 eum
593 1762 779 1845 perferunt,
804 1763 875 1828 sive
907 1763 1008 1828 etiam
1039 1763 1174 1827 auribus
1203 1764 1285 1827 Vari

212 1872 363 1939 serviunt
387 1873 480 1958 (nam
503 1892 589 1954 quae
620 1870 791 1951 volumus,
815 1893 855 1935 ea
885 1871 1052 1936 credimus
1080 1870 1221 1936 libenter
1251 1878 1287 1937 et

175 1999 298 2064 oquae
322 1977 482 2041 sentimus
505 1976 590 2059 ipsi,
613 1977 758 2061 reliquos
786 1977 908 2043 sentire
936 1978 1140 2064 speramus),
1166 1977 1287 2042 confir-

211 2092 306 2150 mant
330 2083 465 2168 quidem
490 2090 577 2149 certe
600 2084 700 2149 totius
725 2085 888 2150 exercitus
912 2086 1041 2149 animos
1064 2086 1190 2150 alienos
1213 2105 1287 2149 esse

212 2214 232 2256 a
256 2192 401 2257 Curione
418 2190 629 2274 maximeque
644 2212 726 2274 opus
747 2213 820 2256 esse
836 2192 871 2255 in
887 2199 1103 2276 conspectum
1119 2193 1288 2258 exercitus

177 2320 190 2360 4
213 2301 328 2364 venire
351 2305 384 2363 et
406 2298 617 2383 colloquendi
635 2299 714 2362 dare
730 2299 934 2364 facultatem.
971 2322 1037 2384 qua
1054 2300 1208 2383 opinione
1225 2303 1287 2365 ad·

214 2408 334 2471 ductus
358 2406 468 2469 Varus
492 2410 622 2488 postero
646 2404 700 2468 die
723 2427 821 2469 mane
846 2406 992 2490 legiones
1011 2430 1052 2472 ex
1068 2409 1186 2472 castris
1202 2410 1287 2473 edu-

214 2513 268 2578 cit.
315 2511 396 2576 facit
418 2512 508 2575 idem
532 2510 652 2592 Curi0,
677 2520 778 2595 atque
801 2535 869 2577 una
892 2515 980 2578 valle
1005 2537 1071 2578 non
1091 2535 1215 2599 magna
1234 2515 1288 2580 in-

213 2618 350 2686 teriecta
374 2639 451 2682 suas
475 2623 616 2702 uterque
639 2618 753 2700 copias
778 2618 923 2684 instruit.

179 2754 190 2794 1
303 2725 461 2791 XXVIII.
485 2725 566 2788 Erat
588 2724 623 2788 in
647 2724 795 2791 exercitu
823 2726 906 2790 Vari
934 2725 1054 2791 Sextus
1084 2725 1288 2808 Quinctilius

215 2831 342 2910 Varus,
368 2851 466 2914 quem
499 2829 602 2893 luisse
632 2829 771 2894 Corfinii
800 2851 901 2913 supra
932 2832 1197 2897 demonstratum
1227 2840 1287 2898 est.

213 2937 270 3001 hio
293 2937 452 3001 dimissus
476 2958 496 3000 a
520 2936 666 3001 Caesare
685 2936 719 2999 in
739 2937 892 3002 Africam
908 2944 1056 3017 venerat,
1072 2937 1289 3023 legionesque

214 3063 271 3106 eas
299 3043 535 3107 transduxerat
565 3040 683 3121 Curio,
708 3063 791 3127 quas
825 3044 1051 3127 superioribus
1082 3045 1288 3128 temporibus

215 3149 359 3214 Corfinio
382 3156 553 3232 receperat
577 3148 713 3229 Caesar,
738 3151 821 3214 adeo
845 3156 882 3214 ut
905 3150 1023 3232 paucis
1047 3151 1184 3215 mutatis
1207 3172 1289 3215 cen-

174 3286 192 3325 a
214 3257 401 3321 turionibus
424 3257 515 3321 idem
538 3257 670 3321 ordines
693 3257 923 3341 manipulique
952 3263 1153 3322 constarent.
1199 3258 1289 3321 hanc

216 3371 334 3429 nactus
357 3362 588 3446 appellationis
612 3384 752 3427 causam
768 3362 973 3444 Quinctilius
989 3363 1166 3428 circumire
1181 3364 1289 3428 aciem

216 3470 369 3535 Curionis
398 3478 498 3554 atque
522 3471 697 3534 obsecrare
720 3468 841 3533 milites
865 3469 984 3553 coepit,
1003 3491 1045 3534 ne
1067 3470 1209 3553 primam
1233 3491 1290 3534 sa-

215 3578 385 3658 cramenti,
403 3578 492 3662 quod
507 3578 599 3659 apud
622 3575 806 3640 Domitium
830 3581 930 3660 atque
962 3577 1051 3658 apud
1075 3596 1110 3639 se
1134 3582 1289 3659 quaesto-

180 3706 286 3753 erem
320 3685 498 3762 dixissent,
528 3683 725 3750 memoriam
754 3682 956 3766 deponerent
989 3704 1054 3745 neu
1084 3691 1199 3747 contra
1231 3705 1290 3749 eos

216 3811 328 3858 armas
352 3793 486 3871 ferrent,
509 3790 568 3875 qui
597 3791 714 3855 eadem
738 3796 848 3855 essent
871 3790 922 3855 usi
945 3791 1077 3854 fortuna
1105 3792 1290 3876 eademque
1379 3872 1382 3880 .
