<?xml version="1.0" encoding="UTF-8"?>
<!DOCTYPE html PUBLIC "-//W3C//DTD XHTML 1.0 Transitional//EN"
    "http://www.w3.org/TR/xhtml1/DTD/xhtml1-transitional.dtd">
<html xmlns="http://www.w3.org/1999/xhtml" xml:lang="en" lang="en">
 <head>
  <title>
</title>
<meta http-equiv="Content-Type" content="text/html;charset=utf-8" />
  <meta name='ocr-system' content='tesseract 3.04.00' />
  <meta name='ocr-capabilities' content='ocr_page ocr_carea ocr_par ocr_line ocrx_word'/>
</head>
<body>
  <div class='ocr_page' id='page_1' title='image "./ciuliicaesarisc00ramogoog_0066.png"; bbox 0 0 2768 4200; ppageno 0'>
   <div class='ocr_carea' id='block_1_1' title="bbox 203 237 914 298">
    <p class='ocr_par' dir='ltr' id='par_1_1' title="bbox 203 237 914 298">
     <span class='ocr_line' id='line_1_1' title="bbox 203 237 914 298; baseline 0.006 -6"><span class='ocrx_word' id='word_1_1' title='bbox 203 237 240 292; x_wconf 84' lang='lat'>50</span> <span class='ocrx_word' id='word_1_2' title='bbox 569 241 621 296; x_wconf 76' lang='lat' dir='ltr'>DE</span> <span class='ocrx_word' id='word_1_3' title='bbox 644 241 770 298; x_wconf 81' lang='lat' dir='ltr'>BELLO</span> <span class='ocrx_word' id='word_1_4' title='bbox 792 241 914 296; x_wconf 83' lang='lat' dir='ltr'>ClVILI</span> 
     </span>
    </p>
   </div>
   <div class='ocr_carea' id='block_1_2' title="bbox 129 403 1364 3910">
    <p class='ocr_par' dir='ltr' id='par_1_2' title="bbox 203 403 1285 596">
     <span class='ocr_line' id='line_1_2' title="bbox 203 403 1285 486; baseline 0.005 -20"><span class='ocrx_word' id='word_1_5' title='bbox 203 409 351 486; x_wconf 87' lang='lat' dir='ltr'>tempore</span> <span class='ocrx_word' id='word_1_6' title='bbox 375 403 501 470; x_wconf 91' lang='lat' dir='ltr'>civitati</span> <span class='ocrx_word' id='word_1_7' title='bbox 520 405 747 485; x_wconf 81' lang='lat' dir='ltr'>subvenirent,</span> <span class='ocrx_word' id='word_1_8' title='bbox 763 426 831 469; x_wconf 92' lang='lat' dir='ltr'>non</span> <span class='ocrx_word' id='word_1_9' title='bbox 848 406 974 470; x_wconf 88' lang='lat' dir='ltr'>minore</span> <span class='ocrx_word' id='word_1_10' title='bbox 998 407 1109 471; x_wconf 91' lang='lat' dir='ltr'>animo</span> <span class='ocrx_word' id='word_1_11' title='bbox 1134 427 1174 471; x_wconf 92' lang='lat' dir='ltr'>ac</span> <span class='ocrx_word' id='word_1_12' title='bbox 1197 407 1285 471; x_wconf 88' lang='lat' dir='ltr'>fidu-</span> 
     </span>
     <span class='ocr_line' id='line_1_3' title="bbox 203 503 1283 596; baseline 0.004 -22"><span class='ocrx_word' id='word_1_13' title='bbox 203 503 266 591; x_wconf 77' lang='lat' dir='ltr'>cia,</span> <span class='ocrx_word' id='word_1_14' title='bbox 290 532 391 595; x_wconf 90' lang='lat' dir='ltr'>quam</span> <span class='ocrx_word' id='word_1_15' title='bbox 415 531 483 596; x_wconf 88' lang='lat' dir='ltr'>qua</span> <span class='ocrx_word' id='word_1_16' title='bbox 506 518 585 576; x_wconf 89' lang='lat' dir='ltr'>ante</span> <span class='ocrx_word' id='word_1_17' title='bbox 620 512 874 592; x_wconf 79' lang='lat' dir='ltr'>dimicaverant,</span> <span class='ocrx_word' id='word_1_18' title='bbox 907 534 1013 580; x_wconf 88' lang='lat' dir='ltr'>naves</span> <span class='ocrx_word' id='word_1_19' title='bbox 1038 514 1283 578; x_wconf 78' lang='lat' dir='ltr'>conscendunt.</span> 
     </span>
    </p>

    <p class='ocr_par' dir='ltr' id='par_1_3' title="bbox 167 617 1284 810">
     <span class='ocr_line' id='line_1_4' title="bbox 167 617 1284 702; baseline 0.003 -22"><span class='ocrx_word' id='word_1_20' title='bbox 167 633 181 674; x_wconf 70' lang='lat'>4</span> <span class='ocrx_word' id='word_1_21' title='bbox 203 617 372 682; x_wconf 91' lang='lat' dir='ltr'>communi</span> <span class='ocrx_word' id='word_1_22' title='bbox 395 618 484 684; x_wconf 89' lang='lat' dir='ltr'>enim</span> <span class='ocrx_word' id='word_1_23' title='bbox 504 619 540 684; x_wconf 82' lang='lat' dir='ltr'>iit</span> <span class='ocrx_word' id='word_1_24' title='bbox 562 617 645 683; x_wconf 90' lang='lat' dir='ltr'>vitio</span> <span class='ocrx_word' id='word_1_25' title='bbox 668 624 816 699; x_wconf 90' lang='lat' dir='ltr'>naturae,</span> <span class='ocrx_word' id='word_1_26' title='bbox 840 625 878 684; x_wconf 90' lang='lat' dir='ltr'>ut</span> <span class='ocrx_word' id='word_1_27' title='bbox 900 619 1080 684; x_wconf 88' lang='lat' dir='ltr'>invisitatis</span> <span class='ocrx_word' id='word_1_28' title='bbox 1105 625 1204 702; x_wconf 88' lang='lat' dir='ltr'>atque</span> <span class='ocrx_word' id='word_1_29' title='bbox 1227 619 1284 683; x_wconf 49' lang='lat' dir='ltr'>inm</span> 
     </span>
     <span class='ocr_line' id='line_1_5' title="bbox 202 725 1283 810; baseline 0.001 -22"><span class='ocrx_word' id='word_1_30' title='bbox 202 725 346 808; x_wconf 85' lang='lat' dir='ltr'>cognitis</span> <span class='ocrx_word' id='word_1_31' title='bbox 369 726 470 791; x_wconf 81' lang='lat' dir='ltr'>rebus</span> <span class='ocrx_word' id='word_1_32' title='bbox 489 725 597 810; x_wconf 84' lang='lat' dir='ltr'>magis</span> <span class='ocrx_word' id='word_1_33' title='bbox 622 726 828 790; x_wconf 90' lang='lat' dir='ltr'>confidamus</span> <span class='ocrx_word' id='word_1_34' title='bbox 850 726 1148 810; x_wconf 89' lang='lat' dir='ltr'>vehementiusque</span> <span class='ocrx_word' id='word_1_35' title='bbox 1169 731 1283 790; x_wconf 86' lang='lat' dir='ltr'>exter·</span> 
     </span>
    </p>

    <p class='ocr_par' dir='ltr' id='par_1_4' title="bbox 129 820 1281 918">
     <span class='ocr_line' id='line_1_6' title="bbox 129 820 1281 918; baseline 0 -21"><span class='ocrx_word' id='word_1_36' title='bbox 129 912 136 918; x_wconf 82' lang='lat'>.</span> <span class='ocrx_word' id='word_1_37' title='bbox 201 853 353 913; x_wconf 82' lang='lat' dir='ltr'>reamur3</span> <span class='ocrx_word' id='word_1_38' title='bbox 390 839 426 899; x_wconf 90' lang='lat' dir='ltr'>ut</span> <span class='ocrx_word' id='word_1_39' title='bbox 460 839 531 899; x_wconf 89' lang='lat' dir='ltr'>tum</span> <span class='ocrx_word' id='word_1_40' title='bbox 566 833 699 899; x_wconf 88' lang='lat' dir='ltr'>accidit.</span> <span class='ocrx_word' id='word_1_41' title='bbox 738 820 912 899; x_wconf 75' lang='lat' dir='ltr'>¹adventus</span> <span class='ocrx_word' id='word_1_42' title='bbox 947 833 1035 898; x_wconf 92' lang='lat' dir='ltr'>enim</span> <span class='ocrx_word' id='word_1_43' title='bbox 1071 834 1109 898; x_wconf 90' lang='lat' dir='ltr'>L.</span> <span class='ocrx_word' id='word_1_44' title='bbox 1147 833 1281 898; x_wconf 88' lang='lat' dir='ltr'>Nasidii</span> 
     </span>
    </p>

    <p class='ocr_par' dir='ltr' id='par_1_5' title="bbox 167 938 1282 1553">
     <span class='ocr_line' id='line_1_7' title="bbox 167 938 1281 1024; baseline 0.007 -27"><span class='ocrx_word' id='word_1_45' title='bbox 167 955 336 1004; x_wconf 77' lang='lat' dir='ltr'>asumma</span> <span class='ocrx_word' id='word_1_46' title='bbox 359 961 419 1023; x_wconf 89' lang='lat' dir='ltr'>spe</span> <span class='ocrx_word' id='word_1_47' title='bbox 454 946 486 1005; x_wconf 91' lang='lat' dir='ltr'>et</span> <span class='ocrx_word' id='word_1_48' title='bbox 513 940 683 1004; x_wconf 89' lang='lat' dir='ltr'>voluntate</span> <span class='ocrx_word' id='word_1_49' title='bbox 707 938 878 1005; x_wconf 89' lang='lat' dir='ltr'>civitatem</span> <span class='ocrx_word' id='word_1_50' title='bbox 901 942 1137 1024; x_wconf 86' lang='lat' dir='ltr'>compleverat.</span> <span class='ocrx_word' id='word_1_51' title='bbox 1185 940 1281 1005; x_wconf 85' lang='lat' dir='ltr'>nacti</span> 
     </span>
     <span class='ocr_line' id='line_1_8' title="bbox 201 1045 1280 1131; baseline 0.003 -22"><span class='ocrx_word' id='word_1_52' title='bbox 201 1045 358 1110; x_wconf 89' lang='lat' dir='ltr'>idoneum</span> <span class='ocrx_word' id='word_1_53' title='bbox 381 1052 518 1111; x_wconf 86' lang='lat' dir='ltr'>ventum</span> <span class='ocrx_word' id='word_1_54' title='bbox 552 1053 719 1129; x_wconf 78' lang='lat' dir='ltr'>ex·portu</span> <span class='ocrx_word' id='word_1_55' title='bbox 749 1053 870 1112; x_wconf 84' lang='lat' dir='ltr'>exeunt</span> <span class='ocrx_word' id='word_1_56' title='bbox 900 1053 933 1111; x_wconf 87' lang='lat' dir='ltr'>et</span> <span class='ocrx_word' id='word_1_57' title='bbox 963 1048 1162 1126; x_wconf 84' lang='lat' dir='ltr'>Tauroenta,</span> <span class='ocrx_word' id='word_1_58' title='bbox 1187 1049 1280 1131; x_wconf 88' lang='lat' dir='ltr'>quod</span> 
     </span>
     <span class='ocr_line' id='line_1_9' title="bbox 201 1152 1282 1238; baseline 0.006 -23"><span class='ocrx_word' id='word_1_59' title='bbox 201 1157 252 1238; x_wconf 84' lang='lat' dir='ltr'>est</span> <span class='ocrx_word' id='word_1_60' title='bbox 281 1152 456 1217; x_wconf 88' lang='lat' dir='ltr'>castellum</span> <span class='ocrx_word' id='word_1_61' title='bbox 490 1152 760 1232; x_wconf 75' lang='lat' dir='ltr'>Massiliensium,</span> <span class='ocrx_word' id='word_1_62' title='bbox 799 1155 843 1217; x_wconf 93' lang='lat' dir='ltr'>ad</span> <span class='ocrx_word' id='word_1_63' title='bbox 876 1154 1054 1219; x_wconf 87' lang='lat' dir='ltr'>Nasidium</span> <span class='ocrx_word' id='word_1_64' title='bbox 1077 1155 1282 1238; x_wconf 84' lang='lat' dir='ltr'>perveniunt</span> 
     </span>
     <span class='ocr_line' id='line_1_10' title="bbox 201 1258 1279 1345; baseline 0.005 -23"><span class='ocrx_word' id='word_1_65' title='bbox 201 1258 315 1343; x_wconf 77' lang='lat' dir='ltr'>ibique</span> <span class='ocrx_word' id='word_1_66' title='bbox 338 1280 443 1323; x_wconf 88' lang='lat' dir='ltr'>naves</span> <span class='ocrx_word' id='word_1_67' title='bbox 474 1259 656 1342; x_wconf 85' lang='lat' dir='ltr'>expediunt</span> <span class='ocrx_word' id='word_1_68' title='bbox 683 1280 866 1344; x_wconf 86' lang='lat' dir='ltr'>rursusque</span> <span class='ocrx_word' id='word_1_69' title='bbox 901 1281 937 1326; x_wconf 87' lang='lat' dir='ltr'>se</span> <span class='ocrx_word' id='word_1_70' title='bbox 961 1263 1005 1324; x_wconf 94' lang='lat' dir='ltr'>ad</span> <span class='ocrx_word' id='word_1_71' title='bbox 1028 1261 1279 1345; x_wconf 85' lang='lat' dir='ltr'>confligendum</span> 
     </span>
     <span class='ocr_line' id='line_1_11' title="bbox 202 1367 1282 1454; baseline 0.005 -24"><span class='ocrx_word' id='word_1_72' title='bbox 202 1367 312 1431; x_wconf 90' lang='lat' dir='ltr'>animo</span> <span class='ocrx_word' id='word_1_73' title='bbox 333 1367 530 1431; x_wconf 84' lang='lat' dir='ltr'>confirmant</span> <span class='ocrx_word' id='word_1_74' title='bbox 548 1373 581 1432; x_wconf 90' lang='lat' dir='ltr'>et</span> <span class='ocrx_word' id='word_1_75' title='bbox 599 1367 738 1432; x_wconf 84' lang='lat' dir='ltr'>consilia</span> <span class='ocrx_word' id='word_1_76' title='bbox 761 1369 1018 1434; x_wconf 90' lang='lat' dir='ltr'>communicant.</span> <span class='ocrx_word' id='word_1_77' title='bbox 1066 1371 1182 1434; x_wconf 84' lang='lat' dir='ltr'>dextra</span> <span class='ocrx_word' id='word_1_78' title='bbox 1196 1392 1282 1454; x_wconf 83' lang='lat' dir='ltr'>pars:</span> 
     </span>
     <span class='ocr_line' id='line_1_12' title="bbox 202 1473 1019 1553; baseline 0.007 -15"><span class='ocrx_word' id='word_1_79' title='bbox 202 1473 393 1539; x_wconf 77' lang='lat' dir='ltr'>attribuitur</span> <span class='ocrx_word' id='word_1_80' title='bbox 415 1473 692 1553; x_wconf 65' lang='lat' dir='ltr'>Massiliensibus</span> <span class='ocrx_word' id='word_1_81' title='bbox 716 1473 851 1539; x_wconf 87' lang='lat' dir='ltr'>sinistra</span> <span class='ocrx_word' id='word_1_82' title='bbox 874 1476 1019 1544; x_wconf 90' lang='lat' dir='ltr'>Nasidio.</span> 
     </span>
    </p>

    <p class='ocr_par' dir='ltr' id='par_1_6' title="bbox 166 1580 1364 1988">
     <span class='ocr_line' id='line_1_13' title="bbox 166 1580 1280 1673; baseline 0.004 -29"><span class='ocrx_word' id='word_1_83' title='bbox 166 1605 176 1644; x_wconf 95' lang='lat'>1</span> <span class='ocrx_word' id='word_1_84' title='bbox 290 1583 331 1646; x_wconf 90' lang='lat' dir='ltr'>V.</span> <span class='ocrx_word' id='word_1_85' title='bbox 355 1582 481 1646; x_wconf 85' lang='lat' dir='ltr'>Eodem</span> <span class='ocrx_word' id='word_1_86' title='bbox 504 1581 628 1673; x_wconf 84' lang='lat' dir='ltr'>Brutus</span> <span class='ocrx_word' id='word_1_87' title='bbox 652 1580 822 1645; x_wconf 80' lang='lat' dir='ltr'>contendit</span> <span class='ocrx_word' id='word_1_88' title='bbox 845 1587 942 1646; x_wconf 90' lang='lat' dir='ltr'>aucto</span> <span class='ocrx_word' id='word_1_89' title='bbox 961 1582 1099 1647; x_wconf 90' lang='lat' dir='ltr'>navium</span> <span class='ocrx_word' id='word_1_90' title='bbox 1123 1604 1280 1649; x_wconf 79' lang='lat' dir='ltr'>numere.</span> 
     </span>
     <span class='ocr_line' id='line_1_14' title="bbox 200 1686 1364 1772; baseline 0 -19"><span class='ocrx_word' id='word_1_91' title='bbox 200 1711 278 1754; x_wconf 90' lang='lat' dir='ltr'>nam</span> <span class='ocrx_word' id='word_1_92' title='bbox 303 1689 347 1752; x_wconf 92' lang='lat' dir='ltr'>ad</span> <span class='ocrx_word' id='word_1_93' title='bbox 372 1709 440 1767; x_wconf 93' lang='lat' dir='ltr'>eas,</span> <span class='ocrx_word' id='word_1_94' title='bbox 464 1709 549 1772; x_wconf 91' lang='lat' dir='ltr'>quae</span> <span class='ocrx_word' id='word_1_95' title='bbox 581 1686 691 1751; x_wconf 87' lang='lat' dir='ltr'>factae</span> <span class='ocrx_word' id='word_1_96' title='bbox 720 1693 815 1752; x_wconf 91' lang='lat' dir='ltr'>erant</span> <span class='ocrx_word' id='word_1_97' title='bbox 843 1688 977 1752; x_wconf 86' lang='lat' dir='ltr'>Arelate</span> <span class='ocrx_word' id='word_1_98' title='bbox 999 1709 1058 1771; x_wconf 90' lang='lat' dir='ltr'>per</span> <span class='ocrx_word' id='word_1_99' title='bbox 1082 1688 1281 1769; x_wconf 85' lang='lat' dir='ltr'>Caesarem,</span> <span class='ocrx_word' id='word_1_100' title='bbox 1358 1762 1364 1771; x_wconf 30' lang='lat'>¹</span> 
     </span>
     <span class='ocr_line' id='line_1_15' title="bbox 201 1795 1276 1881; baseline -0.001 -19"><span class='ocrx_word' id='word_1_101' title='bbox 201 1797 356 1881; x_wconf 91' lang='lat' dir='ltr'>captivae</span> <span class='ocrx_word' id='word_1_102' title='bbox 378 1795 640 1861; x_wconf 89' lang='lat' dir='ltr'>Massiliensium</span> <span class='ocrx_word' id='word_1_103' title='bbox 663 1800 876 1860; x_wconf 79' lang='lat' dir='ltr'>accesserant</span> <span class='ocrx_word' id='word_1_104' title='bbox 895 1815 962 1859; x_wconf 84' lang='lat' dir='ltr'>sex.</span> <span class='ocrx_word' id='word_1_105' title='bbox 1009 1795 1071 1859; x_wconf 93' lang='lat' dir='ltr'>has</span> <span class='ocrx_word' id='word_1_106' title='bbox 1094 1796 1276 1879; x_wconf 89' lang='lat' dir='ltr'>superiori-</span> 
     </span>
     <span class='ocr_line' id='line_1_16' title="bbox 199 1903 1275 1988; baseline 0 -19"><span class='ocrx_word' id='word_1_107' title='bbox 199 1906 263 1969; x_wconf 92' lang='lat' dir='ltr'>bus</span> <span class='ocrx_word' id='word_1_108' title='bbox 287 1905 405 1969; x_wconf 88' lang='lat' dir='ltr'>diebus</span> <span class='ocrx_word' id='word_1_109' title='bbox 428 1905 590 1970; x_wconf 82' lang='lat' dir='ltr'>refecerat</span> <span class='ocrx_word' id='word_1_110' title='bbox 623 1909 722 1988; x_wconf 91' lang='lat' dir='ltr'>atque</span> <span class='ocrx_word' id='word_1_111' title='bbox 755 1903 909 1967; x_wconf 92' lang='lat' dir='ltr'>omnibus</span> <span class='ocrx_word' id='word_1_112' title='bbox 939 1905 1038 1968; x_wconf 90' lang='lat' dir='ltr'>rebus</span> <span class='ocrx_word' id='word_1_113' title='bbox 1061 1903 1275 1976; x_wconf 83' lang='lat' dir='ltr'>instruxerat,</span> 
     </span>
    </p>

    <p class='ocr_par' dir='ltr' id='par_1_7' title="bbox 164 2010 1278 2201">
     <span class='ocr_line' id='line_1_17' title="bbox 164 2010 1278 2096; baseline 0.004 -24"><span class='ocrx_word' id='word_1_114' title='bbox 164 2013 314 2096; x_wconf 69' lang='lat' dir='ltr'>citaque</span> <span class='ocrx_word' id='word_1_115' title='bbox 337 2034 414 2077; x_wconf 88' lang='lat' dir='ltr'>suos</span> <span class='ocrx_word' id='word_1_116' title='bbox 446 2012 648 2091; x_wconf 64' lang='lat' dir='ltr'>cohortatus</span> <span class='ocrx_word' id='word_1_117' title='bbox 672 2033 755 2096; x_wconf 88' lang='lat' dir='ltr'>quos</span> <span class='ocrx_word' id='word_1_118' title='bbox 778 2010 927 2094; x_wconf 82' lang='lat' dir='ltr'>integros</span> <span class='ocrx_word' id='word_1_119' title='bbox 951 2010 1212 2093; x_wconf 89' lang='lat' dir='ltr'>superavissent,</span> <span class='ocrx_word' id='word_1_120' title='bbox 1237 2019 1278 2076; x_wconf 91' lang='lat' dir='ltr'>ut</span> 
     </span>
     <span class='ocr_line' id='line_1_18' title="bbox 199 2117 1276 2201; baseline -0.001 -18"><span class='ocrx_word' id='word_1_121' title='bbox 199 2119 306 2184; x_wconf 88' lang='lat' dir='ltr'>victos</span> <span class='ocrx_word' id='word_1_122' title='bbox 331 2123 589 2197; x_wconf 88' lang='lat' dir='ltr'>contemnerent,</span> <span class='ocrx_word' id='word_1_123' title='bbox 612 2119 730 2200; x_wconf 90' lang='lat' dir='ltr'>plenus</span> <span class='ocrx_word' id='word_1_124' title='bbox 753 2117 824 2201; x_wconf 90' lang='lat' dir='ltr'>spei</span> <span class='ocrx_word' id='word_1_125' title='bbox 842 2119 949 2181; x_wconf 90' lang='lat' dir='ltr'>bonae</span> <span class='ocrx_word' id='word_1_126' title='bbox 968 2123 1068 2200; x_wconf 86' lang='lat' dir='ltr'>atque</span> <span class='ocrx_word' id='word_1_127' title='bbox 1087 2117 1192 2180; x_wconf 91' lang='lat' dir='ltr'>animi</span> <span class='ocrx_word' id='word_1_128' title='bbox 1214 2119 1276 2182; x_wconf 92' lang='lat' dir='ltr'>ad·</span> 
     </span>
    </p>

    <p class='ocr_par' dir='ltr' id='par_1_8' title="bbox 159 2222 1322 3145">
     <span class='ocr_line' id='line_1_19' title="bbox 163 2222 1278 2309; baseline 0 -23"><span class='ocrx_word' id='word_1_129' title='bbox 163 2244 318 2289; x_wconf 86' lang='lat' dir='ltr'>eversus</span> <span class='ocrx_word' id='word_1_130' title='bbox 342 2247 398 2290; x_wconf 88' lang='lat' dir='ltr'>eos</span> <span class='ocrx_word' id='word_1_131' title='bbox 421 2225 651 2309; x_wconf 86' lang='lat' dir='ltr'>proficiscitur.</span> <span class='ocrx_word' id='word_1_132' title='bbox 697 2223 795 2288; x_wconf 83' lang='lat' dir='ltr'>facile</span> <span class='ocrx_word' id='word_1_133' title='bbox 826 2229 897 2287; x_wconf 91' lang='lat' dir='ltr'>erat</span> <span class='ocrx_word' id='word_1_134' title='bbox 920 2244 962 2286; x_wconf 85' lang='lat' dir='ltr'>ex</span> <span class='ocrx_word' id='word_1_135' title='bbox 986 2222 1103 2287; x_wconf 90' lang='lat' dir='ltr'>castris</span> <span class='ocrx_word' id='word_1_136' title='bbox 1127 2222 1165 2287; x_wconf 80' lang='grc' dir='ltr'>Ο.</span> <span class='ocrx_word' id='word_1_137' title='bbox 1190 2222 1278 2287; x_wconf 77' lang='lat' dir='ltr'>Tre·</span> 
     </span>
     <span class='ocr_line' id='line_1_20' title="bbox 198 2329 1275 2415; baseline 0 -19"><span class='ocrx_word' id='word_1_138' title='bbox 198 2331 292 2396; x_wconf 90' lang='lat' dir='ltr'>bonii</span> <span class='ocrx_word' id='word_1_139' title='bbox 325 2337 425 2415; x_wconf 89' lang='lat' dir='ltr'>atque</span> <span class='ocrx_word' id='word_1_140' title='bbox 458 2331 614 2397; x_wconf 88' lang='lat' dir='ltr'>omnibus</span> <span class='ocrx_word' id='word_1_141' title='bbox 648 2330 874 2414; x_wconf 90' lang='lat' dir='ltr'>superioribus</span> <span class='ocrx_word' id='word_1_142' title='bbox 908 2329 990 2394; x_wconf 91' lang='lat' dir='ltr'>locis</span> <span class='ocrx_word' id='word_1_143' title='bbox 1024 2329 1213 2413; x_wconf 85' lang='lat' dir='ltr'>prospicere</span> <span class='ocrx_word' id='word_1_144' title='bbox 1236 2330 1275 2396; x_wconf 87' lang='lat' dir='ltr'>in</span> 
     </span>
     <span class='ocr_line' id='line_1_21' title="bbox 199 2425 1275 2519; baseline 0 -17"><span class='ocrx_word' id='word_1_145' title='bbox 199 2439 326 2517; x_wconf 90' lang='lat' dir='ltr'>urbem,</span> <span class='ocrx_word' id='word_1_146' title='bbox 349 2444 387 2502; x_wconf 88' lang='lat' dir='ltr'>ut</span> <span class='ocrx_word' id='word_1_147' title='bbox 410 2437 517 2501; x_wconf 92' lang='lat' dir='ltr'>omnis</span> <span class='ocrx_word' id='word_1_148' title='bbox 547 2425 713 2515; x_wconf 86' lang='lat' dir='ltr'>iuventus,</span> <span class='ocrx_word' id='word_1_149' title='bbox 743 2457 828 2519; x_wconf 88' lang='lat' dir='ltr'>quae</span> <span class='ocrx_word' id='word_1_150' title='bbox 852 2435 888 2498; x_wconf 89' lang='lat' dir='ltr'>in</span> <span class='ocrx_word' id='word_1_151' title='bbox 912 2435 1034 2518; x_wconf 92' lang='lat' dir='ltr'>oppido</span> <span class='ocrx_word' id='word_1_152' title='bbox 1064 2446 1275 2503; x_wconf 89' lang='lat' dir='ltr'>remanserat</span> 
     </span>
     <span class='ocr_line' id='line_1_22' title="bbox 199 2542 1277 2628; baseline -0.001 -19"><span class='ocrx_word' id='word_1_153' title='bbox 199 2565 380 2628; x_wconf 90' lang='lat' dir='ltr'>omnesque</span> <span class='ocrx_word' id='word_1_154' title='bbox 404 2543 583 2628; x_wconf 88' lang='lat' dir='ltr'>superioris</span> <span class='ocrx_word' id='word_1_155' title='bbox 607 2543 724 2608; x_wconf 89' lang='lat' dir='ltr'>aetatis</span> <span class='ocrx_word' id='word_1_156' title='bbox 748 2564 826 2606; x_wconf 91' lang='lat' dir='ltr'>cum</span> <span class='ocrx_word' id='word_1_157' title='bbox 848 2542 962 2607; x_wconf 89' lang='lat' dir='ltr'>liberis</span> <span class='ocrx_word' id='word_1_158' title='bbox 986 2549 1085 2626; x_wconf 91' lang='lat' dir='ltr'>atque</span> <span class='ocrx_word' id='word_1_159' title='bbox 1108 2543 1277 2608; x_wconf 87' lang='lat' dir='ltr'>uxoribus-</span> 
     </span>
     <span class='ocr_line' id='line_1_23' title="bbox 197 2649 1322 2740; baseline -0.001 -24"><span class='ocrx_word' id='word_1_160' title='bbox 197 2652 354 2740; x_wconf 90' lang='lat' dir='ltr'>[publicis</span> <span class='ocrx_word' id='word_1_161' title='bbox 378 2650 616 2737; x_wconf 89' lang='lat' dir='ltr'>custodiisque]</span> <span class='ocrx_word' id='word_1_162' title='bbox 648 2662 705 2714; x_wconf 89' lang='lat' dir='ltr'>aut</span> <span class='ocrx_word' id='word_1_163' title='bbox 728 2671 768 2714; x_wconf 82' lang='lat' dir='ltr'>ex</span> <span class='ocrx_word' id='word_1_164' title='bbox 802 2670 896 2713; x_wconf 90' lang='lat' dir='ltr'>muro</span> <span class='ocrx_word' id='word_1_165' title='bbox 921 2650 964 2712; x_wconf 92' lang='lat' dir='ltr'>ad</span> <span class='ocrx_word' id='word_1_166' title='bbox 995 2649 1126 2714; x_wconf 90' lang='lat' dir='ltr'>caelum</span> <span class='ocrx_word' id='word_1_167' title='bbox 1149 2658 1277 2715; x_wconf 85' lang='lat' dir='ltr'>manus</span> <span class='ocrx_word' id='word_1_168' title='bbox 1319 2731 1322 2737; x_wconf 27' lang='grc' dir='ltr'>Ι</span> 
     </span>
     <span class='ocr_line' id='line_1_24' title="bbox 196 2755 1273 2841; baseline -0.001 -16"><span class='ocrx_word' id='word_1_169' title='bbox 196 2761 369 2825; x_wconf 87' lang='lat' dir='ltr'>tenderent</span> <span class='ocrx_word' id='word_1_170' title='bbox 396 2764 454 2823; x_wconf 90' lang='lat' dir='ltr'>aut</span> <span class='ocrx_word' id='word_1_171' title='bbox 481 2758 606 2841; x_wconf 91' lang='lat' dir='ltr'>templa</span> <span class='ocrx_word' id='word_1_172' title='bbox 636 2759 774 2822; x_wconf 90' lang='lat' dir='ltr'>deorum</span> <span class='ocrx_word' id='word_1_173' title='bbox 803 2755 1040 2821; x_wconf 90' lang='lat' dir='ltr'>immortalium</span> <span class='ocrx_word' id='word_1_174' title='bbox 1074 2758 1204 2822; x_wconf 90' lang='lat' dir='ltr'>adirent</span> <span class='ocrx_word' id='word_1_175' title='bbox 1237 2765 1273 2824; x_wconf 87' lang='lat' dir='ltr'>ct</span> 
     </span>
     <span class='ocr_line' id='line_1_25' title="bbox 196 2861 1266 2947; baseline -0.002 -16"><span class='ocrx_word' id='word_1_176' title='bbox 196 2872 274 2931; x_wconf 90' lang='lat' dir='ltr'>ante</span> <span class='ocrx_word' id='word_1_177' title='bbox 298 2864 477 2930; x_wconf 88' lang='lat' dir='ltr'>simulacra</span> <span class='ocrx_word' id='word_1_178' title='bbox 504 2862 643 2947; x_wconf 92' lang='lat' dir='ltr'>proiecti</span> <span class='ocrx_word' id='word_1_179' title='bbox 674 2861 850 2926; x_wconf 89' lang='lat' dir='ltr'>victoriam</span> <span class='ocrx_word' id='word_1_180' title='bbox 879 2862 921 2926; x_wconf 90' lang='lat' dir='ltr'>ab</span> <span class='ocrx_word' id='word_1_181' title='bbox 954 2862 1005 2926; x_wconf 89' lang='lat' dir='ltr'>dis</span> <span class='ocrx_word' id='word_1_182' title='bbox 1036 2872 1266 2946; x_wconf 84' lang='lat' dir='ltr'>exposcerent.</span> 
     </span>
     <span class='ocr_line' id='line_1_26' title="bbox 159 2967 1275 3058; baseline -0.002 -19"><span class='ocrx_word' id='word_1_183' title='bbox 159 2996 303 3058; x_wconf 71' lang='lat' dir='ltr'>ineque</span> <span class='ocrx_word' id='word_1_184' title='bbox 335 2979 406 3038; x_wconf 89' lang='lat' dir='ltr'>erat</span> <span class='ocrx_word' id='word_1_185' title='bbox 429 2970 606 3057; x_wconf 88' lang='lat' dir='ltr'>quisquam</span> <span class='ocrx_word' id='word_1_186' title='bbox 629 2968 788 3048; x_wconf 87' lang='lat' dir='ltr'>omnium,</span> <span class='ocrx_word' id='word_1_187' title='bbox 822 2968 903 3053; x_wconf 91' lang='lat' dir='ltr'>quin</span> <span class='ocrx_word' id='word_1_188' title='bbox 936 2967 973 3031; x_wconf 91' lang='lat' dir='ltr'>in</span> <span class='ocrx_word' id='word_1_189' title='bbox 996 2968 1068 3033; x_wconf 90' lang='lat' dir='ltr'>eius</span> <span class='ocrx_word' id='word_1_190' title='bbox 1092 2969 1160 3036; x_wconf 90' lang='lat' dir='ltr'>diei</span> <span class='ocrx_word' id='word_1_191' title='bbox 1188 2992 1275 3037; x_wconf 86' lang='lat' dir='ltr'>casu</span> 
     </span>
     <span class='ocr_line' id='line_1_27' title="bbox 196 3076 1270 3145; baseline -0.002 -1"><span class='ocrx_word' id='word_1_192' title='bbox 196 3101 333 3145; x_wconf 92' lang='lat' dir='ltr'>suarum</span> <span class='ocrx_word' id='word_1_193' title='bbox 356 3079 506 3143; x_wconf 92' lang='lat' dir='ltr'>omnium</span> <span class='ocrx_word' id='word_1_194' title='bbox 529 3079 740 3142; x_wconf 80' lang='lat' dir='ltr'>fortunarum</span> <span class='ocrx_word' id='word_1_195' title='bbox 764 3083 922 3141; x_wconf 89' lang='lat' dir='ltr'>eventum</span> <span class='ocrx_word' id='word_1_196' title='bbox 945 3076 1128 3141; x_wconf 88' lang='lat' dir='ltr'>consistere</span> <span class='ocrx_word' id='word_1_197' title='bbox 1152 3077 1270 3142; x_wconf 83' lang='lat' dir='ltr'>existi-</span> 
     </span>
    </p>

    <p class='ocr_par' dir='ltr' id='par_1_9' title="bbox 159 3182 1275 3786">
     <span class='ocr_line' id='line_1_28' title="bbox 159 3182 1275 3268; baseline -0.003 -15"><span class='ocrx_word' id='word_1_198' title='bbox 159 3213 171 3253; x_wconf 84' lang='lat'><strong>5</strong></span> <span class='ocrx_word' id='word_1_199' title='bbox 195 3193 311 3250; x_wconf 88' lang='lat' dir='ltr'>maret.</span> <span class='ocrx_word' id='word_1_200' title='bbox 357 3207 437 3249; x_wconf 92' lang='lat' dir='ltr'>nam</span> <span class='ocrx_word' id='word_1_201' title='bbox 460 3189 494 3250; x_wconf 90' lang='lat' dir='ltr'>et</span> <span class='ocrx_word' id='word_1_202' title='bbox 511 3185 645 3250; x_wconf 86' lang='lat' dir='ltr'>honesti</span> <span class='ocrx_word' id='word_1_203' title='bbox 664 3207 705 3249; x_wconf 81' lang='lat' dir='ltr'>ex</span> <span class='ocrx_word' id='word_1_204' title='bbox 722 3185 896 3248; x_wconf 88' lang='lat' dir='ltr'>iuventute</span> <span class='ocrx_word' id='word_1_205' title='bbox 917 3188 950 3247; x_wconf 89' lang='lat' dir='ltr'>et</span> <span class='ocrx_word' id='word_1_206' title='bbox 962 3182 1124 3268; x_wconf 89' lang='lat' dir='ltr'>cuiusque</span> <span class='ocrx_word' id='word_1_207' title='bbox 1148 3184 1275 3250; x_wconf 83' lang='lat' dir='ltr'>aetatis</span> 
     </span>
     <span class='ocr_line' id='line_1_29' title="bbox 195 3289 1275 3377; baseline -0.002 -19"><span class='ocrx_word' id='word_1_208' title='bbox 195 3293 394 3377; x_wconf 89' lang='lat' dir='ltr'>amplissimi</span> <span class='ocrx_word' id='word_1_209' title='bbox 406 3292 603 3356; x_wconf 91' lang='lat' dir='ltr'>nominatim</span> <span class='ocrx_word' id='word_1_210' title='bbox 622 3290 752 3356; x_wconf 87' lang='lat' dir='ltr'>evocati</span> <span class='ocrx_word' id='word_1_211' title='bbox 768 3297 869 3375; x_wconf 92' lang='lat' dir='ltr'>atque</span> <span class='ocrx_word' id='word_1_212' title='bbox 881 3289 1046 3354; x_wconf 84' lang='lat' dir='ltr'>obsecrati</span> <span class='ocrx_word' id='word_1_213' title='bbox 1065 3312 1170 3357; x_wconf 88' lang='lat' dir='ltr'>naves</span> <span class='ocrx_word' id='word_1_214' title='bbox 1187 3313 1275 3356; x_wconf 73' lang='lat' dir='ltr'>con-</span> 
     </span>
     <span class='ocr_line' id='line_1_30' title="bbox 195 3395 1275 3480; baseline -0.004 -15"><span class='ocrx_word' id='word_1_215' title='bbox 195 3402 400 3478; x_wconf 82' lang='lat' dir='ltr'>scenderant,</span> <span class='ocrx_word' id='word_1_216' title='bbox 423 3404 470 3478; x_wconf 86' lang='lat' dir='ltr'>ut,</span> <span class='ocrx_word' id='word_1_217' title='bbox 494 3397 524 3462; x_wconf 90' lang='lat' dir='ltr'>si</span> <span class='ocrx_word' id='word_1_218' title='bbox 547 3398 626 3480; x_wconf 92' lang='lat' dir='ltr'>quid</span> <span class='ocrx_word' id='word_1_219' title='bbox 645 3395 779 3462; x_wconf 92' lang='lat' dir='ltr'>adversi</span> <span class='ocrx_word' id='word_1_220' title='bbox 802 3395 989 3476; x_wconf 88' lang='lat' dir='ltr'>accidisset,</span> <span class='ocrx_word' id='word_1_221' title='bbox 1012 3418 1054 3459; x_wconf 91' lang='lat' dir='ltr'>ne</span> <span class='ocrx_word' id='word_1_222' title='bbox 1077 3398 1121 3460; x_wconf 93' lang='lat' dir='ltr'>ad</span> <span class='ocrx_word' id='word_1_223' title='bbox 1144 3419 1275 3461; x_wconf 90' lang='lat' dir='ltr'>conan-</span> 
     </span>
     <span class='ocr_line' id='line_1_31' title="bbox 195 3502 1270 3590; baseline -0.002 -20"><span class='ocrx_word' id='word_1_224' title='bbox 195 3509 275 3572; x_wconf 91' lang='lat' dir='ltr'>dum</span> <span class='ocrx_word' id='word_1_225' title='bbox 299 3506 432 3590; x_wconf 89' lang='lat' dir='ltr'>quidem</span> <span class='ocrx_word' id='word_1_226' title='bbox 453 3504 518 3570; x_wconf 88' lang='lat' dir='ltr'>sibi</span> <span class='ocrx_word' id='word_1_227' title='bbox 534 3504 711 3588; x_wconf 90' lang='lat' dir='ltr'>quicquam</span> <span class='ocrx_word' id='word_1_228' title='bbox 727 3502 846 3587; x_wconf 90' lang='lat' dir='ltr'>reliqui</span> <span class='ocrx_word' id='word_1_229' title='bbox 869 3503 939 3568; x_wconf 79' lang='lat' dir='ltr'>sore</span> <span class='ocrx_word' id='word_1_230' title='bbox 962 3504 1132 3582; x_wconf 82' lang='lat' dir='ltr'>viderent3</span> <span class='ocrx_word' id='word_1_231' title='bbox 1157 3503 1186 3569; x_wconf 88' lang='lat' dir='ltr'>si</span> <span class='ocrx_word' id='word_1_232' title='bbox 1209 3525 1270 3568; x_wconf 91' lang='lat' dir='ltr'>su-</span> 
     </span>
     <span class='ocr_line' id='line_1_32' title="bbox 194 3610 1274 3698; baseline -0.005 -18"><span class='ocrx_word' id='word_1_233' title='bbox 194 3614 412 3698; x_wconf 90' lang='lat' dir='ltr'>peravissent,</span> <span class='ocrx_word' id='word_1_234' title='bbox 434 3612 490 3677; x_wconf 90' lang='lat' dir='ltr'>vel</span> <span class='ocrx_word' id='word_1_235' title='bbox 522 3611 711 3676; x_wconf 87' lang='lat' dir='ltr'>domesticis</span> <span class='ocrx_word' id='word_1_236' title='bbox 735 3610 855 3694; x_wconf 90' lang='lat' dir='ltr'>opibus</span> <span class='ocrx_word' id='word_1_237' title='bbox 882 3610 936 3676; x_wconf 91' lang='lat' dir='ltr'>vel</span> <span class='ocrx_word' id='word_1_238' title='bbox 967 3610 1111 3675; x_wconf 83' lang='lat' dir='ltr'>externis</span> <span class='ocrx_word' id='word_1_239' title='bbox 1135 3610 1274 3676; x_wconf 80' lang='lat' dir='ltr'>auxiliis.</span> 
     </span>
     <span class='ocr_line' id='line_1_33' title="bbox 195 3717 720 3786; baseline -0.006 0"><span class='ocrx_word' id='word_1_240' title='bbox 195 3724 236 3786; x_wconf 89' lang='lat' dir='ltr'>de</span> <span class='ocrx_word' id='word_1_241' title='bbox 260 3722 367 3786; x_wconf 90' lang='lat' dir='ltr'>salute</span> <span class='ocrx_word' id='word_1_242' title='bbox 388 3719 484 3785; x_wconf 66' lang='lat' dir='ltr'>‘urbis</span> <span class='ocrx_word' id='word_1_243' title='bbox 507 3717 720 3783; x_wconf 89' lang='lat' dir='ltr'>confiderent.</span> 
     </span>
    </p>

    <p class='ocr_par' dir='ltr' id='par_1_10' title="bbox 159 3825 1272 3910">
     <span class='ocr_line' id='line_1_34' title="bbox 159 3825 1272 3910; baseline 0 -18"><span class='ocrx_word' id='word_1_244' title='bbox 159 3850 170 3892; x_wconf 93' lang='lat'>1</span> <span class='ocrx_word' id='word_1_245' title='bbox 283 3829 341 3894; x_wconf 87' lang='lat' dir='ltr'>VI.</span> <span class='ocrx_word' id='word_1_246' title='bbox 366 3826 553 3894; x_wconf 86' lang='lat' dir='ltr'>Commisso</span> <span class='ocrx_word' id='word_1_247' title='bbox 586 3826 710 3910; x_wconf 92' lang='lat' dir='ltr'>proelio</span> <span class='ocrx_word' id='word_1_248' title='bbox 734 3826 999 3891; x_wconf 88' lang='lat' dir='ltr'>Massiliensibus</span> <span class='ocrx_word' id='word_1_249' title='bbox 1027 3847 1082 3890; x_wconf 87' lang='lat' dir='ltr'>res</span> <span class='ocrx_word' id='word_1_250' title='bbox 1106 3825 1199 3892; x_wconf 90' lang='lat' dir='ltr'>nulla</span> <span class='ocrx_word' id='word_1_251' title='bbox 1222 3828 1272 3892; x_wconf 91' lang='lat' dir='ltr'>ad</span> 
     </span>
    </p>
   </div>
   <div class='ocr_carea' id='block_1_3' title="bbox 0 0 1388 4200">
    <p class='ocr_par' dir='ltr' id='par_1_11' title="bbox 0 0 1388 4200">
     <span class='ocr_line' id='line_1_35' title="bbox 0 0 1388 4200; baseline 0 0"><span class='ocrx_word' id='word_1_252' title='bbox 0 0 1388 4200; x_wconf 95' lang='lat' dir='ltr'> </span> 
     </span>
    </p>
   </div>
  </div>
 </body>
</html>
