2768 4200
422 199 541 257 contii.
560 200 582 254 Ι.
603 199 685 254 CAP.
705 197 910 253 XX—XXIII.
1168 197 1201 251 13

134 366 329 446 traheretur,
349 363 429 447 quid
452 362 534 446 ipsis
557 359 829 441 Corfiniensibus
850 359 932 445 quid*
948 359 1104 440 Domitio,
1121 359 1202 444 quid

136 472 291 551 Lentulo,
316 470 396 555 quid
423 469 561 555 reliquis
589 468 771 548 accideret,
796 468 852 552 qui
883 488 1031 552 quosque
1061 474 1201 532 eventus

134 581 335 664 exciperent.

225 685 334 750 XXII.
360 684 487 765 Quarta
509 682 626 766 vigilia
648 681 778 747 circiter
801 682 962 747 Lentulus
986 681 1141 765 Spinther
1161 683 1202 745 de
1240 707 1250 748 1

136 815 232 861 muro
266 813 343 858 oum
376 790 501 875 vigiliis
535 790 794 874 custodibusque
829 789 949 853 nostris
984 788 1201 873 colloquitur:

137 904 242 981 velle,
267 901 296 965 si
318 900 384 964 sibi
406 900 463 964 liat
487 904 647 982 potestas,
672 897 850 962 Caesarem
879 895 1067 962 convenire.
1114 897 1204 962 sacta
1240 920 1252 962 2

137 1014 300 1095 potestate
324 1030 363 1071 ex
386 1005 506 1089 oppido
530 1004 687 1084 mittitur,
711 1025 818 1089 neque
843 1006 885 1068 ab
910 1024 948 1068 eo
972 1003 1065 1086 prius
1088 1003 1202 1068 Domi-

138 1116 220 1182 tiani
243 1114 364 1179 milites
389 1113 573 1187 discedunt,
590 1133 691 1196 quam
714 1112 748 1176 in
764 1117 956 1195 cospectum
974 1111 1128 1177 Caesaris
1148 1113 1204 1176 de-

138 1227 289 1288 ducatur.
336 1242 413 1286 cum
438 1242 476 1285 eo
500 1222 542 1285 de
564 1219 670 1285 salute
693 1241 755 1285 sua
785 1220 886 1304 agit:
910 1224 983 1302 orat
1013 1225 1112 1304 atque
1143 1220 1203 1282 ob·
1241 1245 1254 1286 3

138 1336 257 1409 secrat,
270 1334 307 1394 ut
324 1328 387 1393 sibi
406 1334 530 1412 parcat,
543 1333 754 1412 veteremque
773 1327 954 1394 amicitiam
967 1333 1205 1392 commemorat

137 1437 358 1522 Caesarisque
374 1436 407 1500 in
428 1457 463 1501 se
479 1435 639 1502 beneficia
655 1436 797 1520 exponit.
830 1457 916 1521 quae
932 1441 1025 1500 erant
1041 1435 1203 1500 maxima:
1241 1460 1254 1500 r

137 1547 228 1632 quod
251 1566 310 1631 per
334 1566 410 1609 eum
441 1544 475 1609 in
506 1544 682 1629 collegium
711 1544 903 1628 pontificum
935 1551 1091 1622 venerat,
1117 1546 1205 1628 quod

138 1654 344 1740 provinciam
368 1652 565 1737 Hispaniam
589 1676 629 1718 ex
659 1658 813 1736 praetura
845 1651 1027 1731 habuerat,
1051 1653 1139 1735 quod
1170 1651 1205 1715 in

138 1761 293 1846 petitione
321 1760 514 1825 consulatus
546 1765 616 1825 erat
647 1759 851 1824 sublevatus.
898 1758 993 1823 ouius
1021 1758 1204 1824 orationem
1242 1783 1255 1823 5

136 1870 262 1935 Caesar
285 1868 494 1953 interpellat:
519 1889 644 1933 senon
668 1866 821 1932 maleficii
845 1887 948 1931 causa
972 1888 1011 1930 ex
1034 1866 1206 1950 provincia

138 1997 329 2061 egressum,
353 1976 484 2040 sedati
507 1996 542 2041 se
566 1996 586 2038 a
610 1973 817 2039 contumeliis
847 1971 1056 2037 inimicorum
1090 1973 1205 2038 defen-

139 2084 241 2160 deret,
259 2089 295 2146 ut
314 2081 461 2167 tribunos
485 2081 591 2165 plebis
609 2080 643 2144 in
661 2101 700 2144 ea
718 2101 753 2144 re
773 2101 811 2144 ex
836 2079 972 2144 civitate
995 2078 1149 2162 expulsos
1171 2079 1205 2144 iu

139 2209 237 2253 suam.
261 2187 458 2272 dignitatem
474 2189 669 2268 restitueret,
686 2195 722 2253 ut
737 2210 772 2253 se
788 2194 820 2253 et
840 2188 1000 2272 populum
1018 2188 1205 2253 Romanum

138 2294 284 2361 faotione
306 2316 487 2378 paucorum
510 2316 705 2380 oppressum
728 2295 762 2360 in
790 2296 976 2363 libertatem
1007 2296 1203 2362 vindicaret.

139 2399 235 2464 cuius
259 2400 405 2465 oratione
429 2400 641 2465 confirmatus
665 2400 833 2482 Lautulae,
852 2407 889 2466 ut
912 2402 947 2466 in
971 2401 1130 2487 oppidum
1152 2423 1206 2466 re·
1243 2384 1285 2463 u'

139 2507 224 2572 verti
248 2507 357 2582 liceat,
381 2508 480 2591 petit:
505 2509 593 2592 quod
617 2509 658 2573 de
682 2529 743 2572 sua
759 2509 865 2573 salute
883 2507 1119 2592 impetraverit,
1136 2510 1205 2573 sore

137 2615 238 2679 etiam
262 2613 398 2699 reliquis
422 2617 465 2679 ad
489 2635 584 2680 suam
608 2635 701 2697 spem
726 2615 864 2695 solaci03
888 2617 971 2680 adeo
992 2637 1065 2680 esse
1082 2620 1208 2699 perter-

139 2723 219 2788 ritos
250 2722 441 2802 nonnulloS,
468 2729 504 2787 ut
526 2744 607 2788 suae
634 2722 722 2787 vitae
744 2723 857 2787 durius
885 2722 1058 2788 consulere
1085 2742 1208 2786 conen-

139 2839 201 2896 tur.
243 2831 333 2896 facta
357 2835 517 2914 potestate
540 2829 692 2896 discedit.

227 2939 352 3003 XXIII.
378 2938 511 3016 Caesar,
536 2937 593 3002 ubi
615 2937 712 3017 luxit,
736 2958 850 3001 omnes
874 2943 1045 3003 senatores
1075 2945 1207 3003 senato·
1246 2956 1255 2998 r

139 3065 280 3127 rumque
298 3043 428 3122 liberos,
443 3044 593 3108 tribunos
614 3043 755 3109 militum
774 3025 969 3128 equitesque
983 3044 1148 3109 Romanos
1165 3046 1207 3109 ad

143 3172 179 3214 se
203 3149 343 3233 produci
367 3149 468 3219 iubet.
512 3156 607 3215 erant
630 3151 775 3235 quinque
798 3149 923 3214 ordinis
954 3151 1143 3226 senatorii,
1168 3153 1205 3220 L.
1244 3174 1256 3213 a

139 3256 317 3335 Domitius,
332 3257 370 3320 P.
387 3256 549 3321 Lentulus
572 3257 741 3340 Spinther,
758 3257 793 3321 L.
812 3257 977 3323 Caecilius
995 3259 1111 3338 Rufus
1131 3259 1207 3342 Sex,

139 3363 341 3447 Quinctilius
364 3365 473 3428 Varus
497 3370 659 3447 quaestor,
683 3365 719 3429 L.
745 3365 904 3442 Rubrius3
928 3373 1101 3449 praeterea
1121 3367 1208 3432 filius

139 3470 276 3536 Domitii
299 3469 422 3554 aliique
445 3469 630 3553 complures
655 3469 886 3536 adulescentes
909 3479 941 3536 et
970 3494 1112 3557 magnus
1144 3495 1208 3538 nu·

139 3600 252 3644 merus
284 3577 433 3663 equitum
462 3577 687 3642 Romanorum
718 3585 750 3642 et
784 3578 1023 3660 decurionum,
1048 3601 1130 3664 quos
1166 3605 1207 3646 ex

140 3686 330 3771 municipiis
353 3685 517 3750 Domitius
541 3692 751 3751 evocaverat.
797 3685 859 3748 hos
886 3706 1001 3750 omnes
1031 3689 1207 3770 productos
1244 3704 1258 3748 3

140 3814 161 3856 a
180 3793 389 3858 contumeliis
404 3792 545 3858 militum
565 3790 791 3874 conviciisque
808 3791 1112 3874 prohibet-,pauca
1126 3795 1230 3868 ‘aqud
1247 3849 1251 3857 ,
