2768 4200
179 210 230 274 lar
541 211 592 274 DE
611 211 735 275 BELLO
755 210 876 272 currui

177 381 298 462 vimus,
328 382 492 465 servabat,
522 388 567 463 ut,
596 381 752 467 quoniam
785 401 921 446 numero
950 378 1064 445 multis
1094 378 1245 465 partibus

176 496 263 556 esset
284 490 428 571 inferior,
447 491 672 556 adulescentes
691 495 790 576 atque
806 488 976 572 expeditos
995 511 1036 555 ex
1051 487 1245 573 antesigna-

175 599 227 663 nis
251 598 373 664 electos
396 597 531 664 mutatis
554 600 597 663 ad
621 598 850 682 pernicitatem
874 596 975 664 armis
1001 596 1087 662 inter
1117 594 1244 682 equites

175 706 328 791 proeliari
351 706 489 782 iuberet,
515 706 571 791 qui
595 705 760 772 cotidiana
783 704 1022 771 consuetudine
1040 726 1138 769 usum
1162 725 1242 788 quo·

139 830 152 870 4
175 836 240 899 que
263 813 335 880 eius
358 814 488 899 generis
506 814 705 898 proeliorum
721 813 936 899 perciperent.
982 811 1036 877 his
1056 817 1126 878 erat
1141 812 1242 877 rebus

174 922 339 1002 effectum,
362 927 399 986 ut
422 921 569 1006 equitnm
594 921 684 986 mille
707 920 807 986 etiam
830 919 1048 1005 apertioribus
1072 918 1154 984 locis
1178 917 1243 984 VII

175 1029 302 1094 milium
315 1028 590 1114 Pompeianorum
608 1029 778 1113 impetum,
792 1049 867 1093 curn
885 1027 1016 1092 adesset
1031 1047 1122 1106 usuc,
1142 1025 1244 1092 susti-

174 1159 251 1203 nere
267 1139 427 1203 auderent
443 1159 549 1222 neque
565 1159 768 1222 magnopere
784 1157 897 1202 eorum
913 1134 1123 1202 multitudine
1139 1139 1242 1200 terre-

139 1262 152 1304 n
175 1250 299 1311 rentur.
345 1267 488 1331 namque
512 1244 613 1310 etiam
636 1267 695 1334 per
718 1267 774 1311 eos
791 1246 862 1311 dies
876 1244 1036 1330 proelium
1056 1245 1241 1309 secundum

175 1358 326 1438 equestre
348 1353 426 1418 fecit
448 1358 547 1437 atquc
571 1375 676 1417 unum
700 1352 913 1438 Allobrogem
937 1375 977 1417 ex
1000 1353 1140 1433 duobus
1159 1373 1243 1436 quos

175 1460 361 1546 perfugisse
374 1461 417 1524 ad
429 1459 623 1544 Pompeium
637 1481 739 1545 supra
751 1460 936 1543 docuimus
950 1483 1027 1526 cnm
1040 1459 1241 1546 quibusdam

174 1567 348 1634 interfecit.

140 1666 171 1736 1⁴
262 1675 432 1742 LXXXV.
468 1675 656 1762 Pompeius
686 1676 742 1762 qui
764 1684 873 1743 castra
904 1677 938 1743 in
971 1677 1053 1743 colle
1084 1677 1241 1757 habebat,

175 1785 217 1848 ad
240 1782 371 1849 infimas
394 1784 523 1850 radices
546 1785 668 1850 montis
693 1785 796 1852 aciem
828 1786 1012 1852 instruebat
1034 1807 1175 1869 semper,
1204 1791 1242 1850 ut

173 1891 359 1967 videbatur,
377 1899 584 1977 exspectans
601 1892 629 1957 si
642 1892 764 1978 iniquis
778 1893 860 1958 locis
876 1893 1000 1959 Cacsar
1012 1914 1048 1958 se
1063 1892 1239 1963 subiceret.

137 2027 151 2070 a
173 2001 236 2064 ille
259 2001 351 2065 nulla
372 2000 499 2067 ratione
521 2003 564 2066 ad
580 2022 730 2086 pugnam
749 2002 821 2067 elici
841 2024 937 2086 posse
952 2001 1148 2086 Pompeium
1168 2001 1240 2066 exi-

173 2104 312 2171 stimans
335 2105 422 2172 hanc
438 2106 501 2172 sibi
517 2107 821 2174 commodissimam
835 2109 913 2174 belli
932 2108 1093 2175 rationem
1109 2105 1239 2173 indica-

172 2211 231 2292 vit.
255 2214 304 2278 uti
336 2220 447 2280 castra
471 2237 511 2280 ex
534 2236 572 2280 eo
595 2215 668 2281 loco
695 2223 845 2283 moveret
872 2237 1066 2302 semperque
1096 2222 1183 2281 esset
1205 2217 1240 2281 in

171 2321 355 2402 itineribus
378 2323 462 2388 haec
485 2329 648 2408 spectans
671 2330 708 2390 ut
731 2326 905 2392 movendis
929 2324 1047 2390 castris
1069 2323 1240 2408 pluribus-

173 2449 236 2513 que
259 2428 422 2495 adeundis
444 2429 526 2495 locis
549 2431 770 2497 commodiore
787 2454 823 2499 re
841 2431 1059 2500 frumentaria
1083 2437 1239 2512 uteretur,

172 2536 336 2622 simulque
360 2537 395 2601 in
427 2537 544 2603 itinere
572 2543 608 2603 ut
639 2539 785 2624 aliquam
814 2541 1023 2607 occasionem
1054 2538 1239 2604 dimicandi

172 2644 420 2710 nancisceretur
435 2650 468 2709 et
483 2645 651 2710 insolitum
670 2647 713 2710 ad
730 2647 877 2712 laborem
899 2647 1037 2732 Pompei
1055 2646 1238 2712 exercitum

135 2782 148 2825 3
173 2752 337 2819 colitianis
355 2753 528 2821 itineribus
552 2753 757 2838 defatigaret.
793 2754 845 2817 his
865 2755 1052 2820 constitutis
1068 2755 1167 2820 rebus
1191 2754 1237 2819 si-

172 2884 237 2947 gno
253 2862 320 2928 iam
338 2861 554 2948 profectionis
573 2862 650 2926 dato
663 2861 951 2946 tabernaculisque
963 2861 1107 2928 detensis
1126 2861 1237 2926 anim-

172 2973 351 3037 adversum
375 2979 424 3039 est
447 2970 547 3056 paulo
571 2976 647 3036 ante
671 2976 762 3035 extra
790 2969 989 3036 cotidianam
1020 2969 1236 3035 consuetudi-

172 3100 248 3144 nem
270 3079 401 3163 longius
426 3099 446 3143 a
468 3077 556 3142 vallo
581 3099 655 3143 esse
678 3078 784 3143 aciem
800 3078 940 3165 Pompei
955 3098 1178 3164 progressam,
1198 3083 1236 3144 ut

135 3212 148 3253 r
172 3207 238 3249 non
261 3183 374 3269 iniquo
396 3183 469 3248 loco
492 3205 590 3267 posse
614 3185 765 3250 dimicari
790 3186 967 3254 videretur.
1014 3194 1086 3253 turn
1110 3186 1236 3253 Caesar

172 3294 260 3376 apud
291 3313 387 3372 suos,
424 3313 500 3357 cum
527 3276 709 3358 iam'esset
739 3315 861 3379 agmen
888 3295 923 3359 in
955 3297 1080 3380 portis,
1116 3296 1236 3362 ‘diffe-

170 3402 309 3466 rendum
338 3400 408 3481 est‚’
443 3397 572 3484 inquit,
601 3399 685 3466 ‘iter
720 3401 755 3465 in
789 3402 976 3486 praesentia
1003 3404 1100 3469 nobis
1130 3409 1162 3468 et
1192 3406 1235 3469 de

170 3507 293 3591 proelio
323 3507 548 3592 cogitandum,
581 3506 668 3571 sicut
690 3528 821 3591 semper
852 3509 1118 3594 depoposcimus.
1160 3509 1251 3573 ani-‘

170 3633 224 3676 mo
252 3611 356 3676 simus
384 3614 427 3677 ad
457 3613 684 3679 dimicandum
708 3614 834 3698 parati:
863 3637 930 3681 non
956 3616 1054 3683 facile
1085 3616 1234 3682 occasio-

170 3740 246 3784 nem
270 3724 384 3803 postea
400 3720 600 3804 reperiemus
615 3723 633 3803 ',
657 3722 900 3808 confestimque
924 3725 1095 3808 expeditas
1118 3725 1233 3809 copias

170 3825 290 3893 educit.
