2768 4200
179 211 215 267 98
544 209 595 263 DE
615 209 739 266 BELLO
759 209 883 265 Cll'lld
976 237 977 240 ¹

180 375 311 453 bantur,
344 373 484 437 celerem
508 393 621 437 eorum
645 378 817 456 receptum
841 372 1022 456 conspicati
1049 372 1249 438 restiterunt.

144 499 157 540 4
181 479 283 543 nostri
307 478 449 562 cognitis
465 478 606 558 insidiis,
630 499 671 542 ne
695 480 819 544 frustra
841 478 985 562 reliquos
1009 484 1250 562 exspectarent,

180 586 264 648 duas
288 584 377 649 nacti
401 591 527 649 turmas
557 591 765 667 exceperunt,
790 605 938 669 quarum
959 583 1136 668 perpauci
1157 583 1250 666 fuga

180 693 329 758 salutem
348 691 420 756 sibi
439 697 672 775 reppererunt
678 716 690 768 ;
704 691 740 756 in
758 692 812 756 his
835 692 898 757 fuit
917 691 961 756 M.
981 691 1134 777 Opimius
1152 714 1251 778 prae-

180 799 287 863 fectus
311 799 470 884 equitum.
517 797 659 882 reliquos
683 821 799 864 omnes
832 821 948 864 earum
977 806 1163 865 turmarum
1193 808 1251 865 aut

179 906 415 973 interfecerunt
437 912 495 971 aut
518 912 632 989 captos
656 908 699 971 ad
721 907 903 972 Domitium
927 908 1144 977 deduxerunt.

145 1038 155 1078 1
269 1015 430 1079 XXXIX.
442 1012 604 1078 Deductis
623 1035 699 1078 orae
718 1013 902 1079 maritimae
921 1014 1095 1097 praesidiis
1114 1014 1249 1093 Caesar,

179 1127 217 1186 ut
250 1143 351 1205 supra
374 1123 637 1186 demonstratum
666 1126 726 1201 est,
757 1121 808 1185 ΙΙΙ
837 1121 988 1186 cohortes
1012 1119 1104 1186 Orici
1136 1121 1250 1205 oppidi

178 1231 293 1294 tuendi
315 1250 418 1295 causa
449 1228 582 1312 reliquit
607 1229 780 1314 isdemque
804 1229 989 1293 custodiam
1013 1229 1151 1293 navium
1175 1231 1247 1295 lon-

177 1358 297 1422 garum
315 1335 461 1416 tradidit,
478 1356 561 1418 quas
580 1357 621 1399 ex
635 1336 732 1400 Italia
748 1337 990 1402 transduxerat.
1036 1336 1115 1401 huic
1140 1337 1249 1402 officio

143 1444 366 1528 rappidoque
398 1442 532 1507 Manius
561 1442 690 1507 Acilius
722 1443 853 1527 legatus
877 1448 1038 1525 praeerat.
1086 1443 1115 1506 is
1140 1465 1247 1509 naves

176 1558 306 1617 nostras
328 1551 516 1617 interiorem
534 1549 569 1614 in
587 1557 719 1634 portum
734 1558 809 1636 post
827 1552 985 1635 oppidum
1005 1552 1134 1618 reduxit
1152 1558 1185 1617 et
1204 1554 1247 1618 ad

176 1664 299 1725 terram
327 1657 486 1742 deligavit
516 1656 737 1743 faucibusque
765 1663 880 1742 portus
910 1679 1030 1723 navem
1061 1660 1246 1725 onerariam

176 1767 385 1831 submersam
401 1762 522 1829 obiecit
537 1770 570 1828 et
580 1764 659 1829 huic
675 1765 813 1830 alteram
832 1764 1015 1845 coniunxit3
1032 1789 1246 1852 superquam

175 1881 298 1938 turrem
323 1874 476 1937 effectam
500 1873 543 1937 ad
564 1871 675 1956 ipsum
699 1872 867 1938 introitum
902 1880 1015 1958 portus
1038 1876 1191 1959 opposuit
1214 1882 1247 1942 et

175 1981 335 2047 militibus
372 1979 551 2064 complevit
582 1981 806 2064 tuendamque
837 1982 880 2046 ad
914 2003 1028 2046 omnes
1058 1983 1248 2066 repentinos

176 2108 274 2152 casus
296 2086 443 2152 tradidit.
516 2151 518 2154 .

139 2223 150 2266 1
263 2195 334 2258 XL.
354 2193 484 2274 Quibus
504 2192 647 2276 cognitis
671 2194 770 2257 rebus
786 2192 847 2259 Cn.
867 2193 1046 2277 Pompeius
1070 2193 1244 2279 filius‚qui

173 2301 274 2366 classi
291 2300 479 2386 Aegyptiae
495 2306 656 2384 praeerat,
680 2301 724 2365 ad
747 2299 885 2366 Oricum
906 2300 997 2365 venit
1013 2301 1245 2367 submersam-

173 2431 238 2493 que
261 2431 383 2473 navem
406 2409 552 2473 remulco
577 2408 755 2492 multisque
780 2409 983 2472 contendens
1015 2407 1151 2473 funibus
1181 2411 1244 2474 ab-

136 2546 150 2588 ρ
173 2517 266 2582 duxit
289 2523 389 2602 atque
412 2517 550 2582 alteram
573 2537 705 2594 navem,
723 2536 808 2598 quae
832 2521 903 2580 erat
926 2514 969 2578 ad
991 2516 1176 2580 custodiam
1200 2518 1245 2581 ab

172 2624 278 2689 Acilio
301 2624 420 2708 posita,
443 2622 594 2706 pluribus
619 2642 798 2706 aggressus
815 2621 969 2699 navibus,
996 2621 1029 2685 in
1054 2622 1174 2706 quibus
1200 2625 1244 2687 ad

171 2731 291 2796 libram
315 2730 441 2796 fecerat
463 2736 582 2806 turres,
608 2735 643 2792 ut
661 2751 702 2792 ex
721 2727 890 2811 superiore
912 2749 1069 2812 pugnans
1092 2730 1165 2794 locc
1188 2730 1244 2794 iu-

170 2844 349 2923 tegrosque
368 2858 499 2921 semper
523 2835 715 2920 defatigatis
739 2835 941 2901 submittens
957 2841 990 2902 et
1005 2836 1141 2921 reliquis
1164 2859 1244 2923 par-

170 2945 259 3011 tibus
283 2945 382 3009 simul
405 2967 445 3008 ex
467 2951 556 3009 terra
580 2942 680 3007 scalis
700 2949 751 3008 et.
768 2993 775 3009 .
790 2993 820 3008 ..
848 2944 956 3008 classe
979 2944 1111 3010 moenia
1130 2946 1244 3030 oppidi

134 3079 147 3123 a
170 3059 347 3138 temptans,
371 3053 421 3117 uti
443 3051 714 3117 adversariorum
730 3073 850 3117 manus
875 3052 1056 3133 diduceret,
1079 3053 1193 3118 labore
1212 3061 1245 3120 et

171 3161 380 3229 multitudine
405 3161 544 3226 telorum
568 3165 699 3224 nostros
731 3158 811 3223 vicit
836 3157 1037 3244 deiectisque
1062 3161 1248 3226 defensori-

169 3272 242 3349 buS,
267 3268 323 3353 qui
346 3287 461 3332 omnes
485 3266 621 3350 scaphis
645 3265 777 3349 excepti
800 3267 1004 3351 refugerant,
1024 3290 1098 3333 eam
1122 3289 1247 3334 navem

133 3408 147 3449 4
170 3377 384 3462 expugnavit.
431 3377 615 3460 eodemque
638 3380 785 3459 tempore
814 3396 854 3439 ex
877 3375 982 3440 altera
1005 3382 1098 3461 parte
1121 3377 1244 3442 molem

170 3483 275 3550 tenuit
290 3483 474 3549 naturalem
494 3481 669 3561 obiectam,
690 3502 774 3565 quae
790 3503 896 3566 paene
914 3483 1059 3549 insulam
1082 3485 1244 3568 oppidum

170 3592 333 3670 effecerat,
353 3593 387 3654 ct
402 3589 450 3654 IV
465 3588 608 3653 biremes
628 3586 788 3653 subiectis
807 3588 946 3653 scutulis
959 3589 1120 3673 impulsas
1135 3588 1243 3655 vecti-

169 3697 291 3763 busin
319 3682 508 3762 interiorem
539 3701 671 3780 portum
702 3696 899 3761 transduxit.
946 3695 993 3761 ita
1025 3718 1065 3760 ex
1099 3702 1243 3783 utraque

170 3812 264 3891 parte
287 3827 391 3870 naves
413 3805 531 3889 longas
556 3825 749 3894 aggressus
774 3825 859 3889 quae
889 3808 984 3868 crant
1008 3802 1172 3888 deligatae
1196 3806 1242 3870 ad
