2768 4200
173 222 209 277 30
540 217 593 272 Du
612 216 738 274 BELLO
759 217 881 273 CIVILI

171 385 283 450 narios
305 385 333 449 L
357 382 393 448 in
408 381 560 466 singulos
577 380 706 445 modios
722 400 856 444 annona
873 387 1082 464 pervenerat,
1107 387 1140 447 et
1157 383 1249 448 mili-

74 543 79 559 .
173 501 244 556 tum
261 492 350 556 vires
372 489 484 574 inopia
497 488 654 553 frumenti
677 487 894 566 deminuerat,
911 494 1011 572 atque
1034 489 1251 556 incommoda

136 622 149 660 a
173 599 209 664 in
232 597 305 662 dies
329 597 555 681 augebantur;
585 602 618 661 et
639 592 756 679 paucis
781 594 898 659 diebus
926 600 995 660 tam
1028 617 1153 681 magna
1175 607 1248 664 erat

173 726 285 770 rerum
308 705 399 769 facta
421 702 637 769 commutatio
661 723 701 766 ac
732 724 769 766 se
795 703 930 768 fortuna
951 703 1181 784 inclinaverat,
1211 717 1252 771 ut

174 812 279 881 nostri
301 831 426 895 magna
448 809 562 894 inopia
584 809 850 874 necessariarum
882 831 993 875 rerum
1017 812 1252 879 conflictaren-

174 926 237 1001 tur,
259 919 308 983 illi
332 917 486 983 omnibus
510 919 718 983 abundarent
740 919 840 982 rebus
863 919 1118 1005 superioresque
1141 921 1251 985 habe-

137 1052 151 1091 4
174 1032 298 1092 rentur.
346 1025 471 1091 Caesar
493 1023 535 1088 iis
559 1024 761 1104 civitatibus,
792 1045 878 1108 quae
901 1026 944 1090 ad
968 1027 1040 1091 eius
1063 1028 1248 1093 amicitiam

174 1138 396 1212 accesserant,
420 1132 510 1215 quod
532 1131 640 1195 minor
662 1136 734 1196 erat
752 1131 910 1222 frumenti
934 1133 1041 1217 copia,
1057 1154 1160 1217 pecus
1183 1135 1250 1198 im-

174 1243 330 1326 perabat3
354 1241 488 1305 calones
510 1238 553 1301 ad
583 1237 833 1323 longinquiores
865 1237 1018 1303 'civitates
1044 1240 1250 1312 dimittebat;

174 1349 246 1432 ipse
278 1351 487 1431 praesentem
516 1343 663 1427 inopiam
693 1343 816 1428 quibus
847 1350 976 1427 poterat
1003 1345 1162 1409 subsidiis
1193 1353 1250 1410 tu-

174 1456 318 1520 tabatur.

139 1583 151 1626 1
265 1563 355 1626 LIII.
387 1562 480 1626 llaec
508 1559 671 1624 Afranius
699 1558 916 1643 Petreiusque
945 1565 977 1623 et
1009 1579 1123 1623 eorum
1146 1560 1248 1624 amici

175 1669 325 1754 pleniora
347 1668 448 1735 etiam
471 1674 571 1751 atque
594 1665 747 1732 uberiora
769 1666 910 1731 Romam
934 1667 978 1730 ad
1001 1686 1078 1730 suos
1101 1669 1249 1750 perscri-

175 1778 320 1854 bebant;
343 1776 448 1841 multa
470 1795 584 1840 rumor
606 1773 763 1857 fingebat,
783 1778 820 1837 ut
841 1792 947 1855 paene
970 1771 1093 1835 bellum
1118 1774 1250 1836 confec-

139 1912 152 1953 ε
175 1890 246 1950 tum
269 1883 446 1952 videretur.
493 1881 616 1966 quibus
645 1880 762 1945 litteris
784 1878 976 1963 nuntiisque
999 1878 1138 1944 Romam
1168 1900 1247 1963 per-

175 1992 252 2057 latis
275 1991 390 2076 magni
406 1992 543 2055 domum
563 2007 746 2052 concursus
768 1987 813 2050 ad
834 1983 1013 2049 Afranium
1036 2005 1251 2069 magnaeque

176 2099 415 2183 gratulationes
438 2097 580 2173 fiebant;
603 2092 700 2159 multi
722 2114 764 2158 ex
786 2092 884 2157 Italia
906 2093 951 2156 ad
966 2092 1028 2158 On.
1050 2093 1249 2179 Pompeium

176 2205 482 2290 proficiscebantur,
506 2202 572 2281 alii,
605 2206 643 2266 ut
665 2199 832 2284 principes
856 2199 958 2264 talem
980 2200 1135 2266 nuntium
1159 2208 1253 2265 attu-

177 2316 256 2382 lisse
280 2314 346 2389 alii,
370 2335 413 2378 ne
436 2316 595 2376 eventum
618 2308 698 2374 belli
721 2314 913 2392 expectasse
941 2315 1000 2372 aut
1023 2331 1064 2373 ex
1093 2309 1254 2373 omnibus

178 2421 351 2488 novissimi
373 2419 507 2484 venisse
530 2417 731 2481 riderentur.

143 2552 153 2592 1
268 2527 355 2593 LIV.
379 2525 464 2591 Cum
487 2525 523 2588 in
545 2524 600 2588 his
631 2520 794 2604 angustiis
816 2541 870 2585 res
901 2527 989 2586 esset
1012 2526 1111 2605 atque
1135 2543 1255 2594 omnes

179 2636 255 2701 viae
279 2635 322 2698 ab
352 2629 545 2697 Afranianis
575 2627 736 2692 militibus
765 2627 999 2712 equitibusque
1023 2625 1256 2692 obsiderentur

179 2761 242 2806 neo
276 2744 395 2823 pontes
417 2734 532 2821 perfici
562 2737 719 2818 possent,
749 2731 891 2816 imperat
919 2732 1081 2797 militibus
1103 2732 1253 2806 Caesar,

179 2853 217 2912 ut
239 2866 344 2911 naves
369 2844 506 2922 faciant,
529 2840 625 2906 cuius
646 2837 777 2925 generis
804 2860 881 2903 eum
903 2839 1131 2924 superioribus
1155 2840 1255 2904 annis

143 2976 156 3018 a
181 2974 261 3018 usus
276 2950 471 3018 Britanniae
494 2950 661 3013 docuerat.
696 2946 829 3011 carinae
854 2967 895 3011 ac
919 2946 1065 3030 primum
1084 2952 1251 3011 statumen

179 3057 268 3124 alvei
290 3056 430 3123 materia
453 3056 568 3134 fiebat3
590 3054 754 3138 reliquum
773 3073 894 3138 corpus
913 3054 1051 3120 navium
1070 3053 1254 3120 viminibus

144 3191 157 3232 a
181 3171 373 3231 contextum
392 3164 490 3229 coriis
505 3162 725 3246 integebatur.
771 3161 834 3225 has
849 3162 1015 3243 perfectas
1032 3161 1136 3225 carris
1152 3159 1251 3224 iunc-

180 3272 222 3338 tis
241 3270 377 3338 devehit
399 3275 501 3335 noctu
524 3268 617 3333 milia
639 3288 801 3352 passuum
817 3288 838 3331 a
853 3267 973 3333 eastris
991 3267 1092 3331 XXII
1110 3266 1252 3331 milites-

180 3401 245 3465 que
259 3378 313 3444 his
334 3377 480 3443 navibus
497 3377 620 3441 flumen
639 3379 842 3457 transportat
856 3374 1144 3457 continentemque
1157 3373 1253 3456 ripae

143 3509 157 3550 r
180 3486 298 3551 collem
314 3484 495 3570 improviso
514 3487 666 3567 occupat.
712 3481 804 3545 hunc
819 3480 979 3560 celeriter,
994 3479 1189 3563 priusquam
1205 3481 1252 3542 ab

181 3591 382 3658 adversariis
405 3591 584 3665 sentiatur,
615 3587 809 3655 communit.
855 3587 923 3652 huc
945 3585 1112 3670 legionem
1134 3590 1254 3670 postea

180 3699 351 3767 transiecit
366 3705 474 3784 atque
496 3720 536 3763 ex
559 3703 698 3781 utraque
721 3701 815 3782 parte
838 3700 973 3779 pontem
992 3692 1182 3759 institutum
1197 3692 1252 3756 bi·

144 3830 157 3870 5
181 3812 247 3875 duo
270 3808 408 3894 perficit
453 3806 501 3871 ita
524 3809 729 3871 commeatus
761 3802 873 3890 etqui
897 3799 1123 3867 frumentandi
1147 3818 1254 3864 causa
