2768 4200
175 169 209 224 14
541 170 593 224 DE
611 169 736 226 BELLO
756 169 878 226 CIl‘ILI

173 349 229 395 eos
252 330 396 414 loquitur
418 334 507 416 quod
530 331 594 417 sibi
619 353 639 396 a
663 338 755 416 parte
779 352 892 395 corum
916 330 1024 414 gratia
1047 332 1154 397 relata
1178 352 1255 403 nou

173 438 216 502 sit
239 459 299 522 pro
323 440 392 504 suis
415 440 449 503 in
473 462 529 504 cos
554 439 710 503 maximis
739 437 933 515 beneticiis;
958 436 1093 503 dimittit
1125 460 1255 507 omnes

138 560 151 600 4
173 544 366 617 incolumes,
404 546 459 612 Hs
483 548 554 626 LX,
578 548 666 630 quod
690 547 869 610 advexerat
893 544 1060 609 Domitius
1083 549 1188 629 atque
1212 546 1254 613 in

173 651 307 735 publico
330 653 538 736 deposuerat,
563 652 700 718 allatum
725 655 827 717 adse
851 673 871 716 a
894 651 1024 716 ll'viris
1053 650 1251 718 Corfinien-

174 759 266 824 sibus
289 760 433 825 Domitio
457 760 580 825 reddit.
605 782 645 824 ne
668 759 885 825 continentior
909 759 942 823 in
966 758 1036 825 rita
1064 759 1251 847 hominum

174 888 275 952 quam
298 867 332 930 in
355 867 496 951 pecunia
511 867 613 932 luisse
628 867 790 947 rideatur,
810 867 870 932 etsi
888 889 961 932 cam
981 867 1160 950 pecuniam
1180 889 1253 953 pu-

173 973 296 1040 blicam
320 996 393 1039 csso
418 976 591 1039 constabat
615 975 792 1058 dabamque
816 996 836 1039 a
859 973 1018 1058 Pompeio
1047 973 1080 1037 iu
1111 974 1253 1058 stipen-

138 1099 151 1141 5
174 1082 277 1148 dium.
315 1080 438 1146 milites
461 1081 668 1146 Domitianos
691 1089 938 1147 sacramentum
957 1083 1046 1166 apud
1069 1104 1105 1147 se
1129 1082 1252 1149 dicere

174 1189 263 1255 iubet
285 1195 384 1273 atque
408 1189 523 1252 eodem
547 1187 600 1252 die
623 1195 733 1253 castra
751 1195 863 1254 irroret
877 1189 1066 1274 iustumque
1080 1188 1143 1255 iter
1160 1211 1251 1256 cons

172 1299 240 1364 ficit
263 1298 327 1363 Vll
350 1296 483 1363 omniuo
506 1297 577 1362 dies
600 1298 644 1360 ad
667 1296 847 1362 Corfinium
873 1304 1108 1376 commoratus
1125 1303 1159 1363 et
1183 1321 1252 1384 per

173 1404 254 1469 fines
278 1403 554 1470 Marrucinorum.
579 1404 833 1471 Frentanorum.
857 1403 1062 1469 Larinatium
1085 1403 1120 1467 in
1144 1405 1251 1490 Apu-

173 1512 252 1577 liam
277 1511 436 1595 peruenit.

139 1633 148 1675 1
262 1620 386 1685 XXll'.
411 1618 589 1702 Pompeius
612 1619 664 1682 his
688 1620 786 1683 rebus
809 1618 959 1701 cognitis,
979 1639 1064 1702 (quae
1084 1624 1180 1685 eraut
1199 1625 1249 1689 ad

173 1725 355 1792 Corfinium
379 1731 504 1809 gestae,
527 1725 666 1790 Luceria
690 1724 910 1809 proficiscitur
933 1723 1116 1789 Canusium
1140 1731 1251 1812 atque

136 1833 248 1898 rinae
272 1830 495 1897 Brundisium.
543 1830 656 1915 copias
679 1830 827 1915 undique
851 1850 964 1894 omnes
987 1852 1029 1896 ex
1052 1831 1150 1894 novis
1188 1834 1249 1898 di-

171 1939 311 2004 lectibus
335 1939 378 2003 ad
402 1960 437 2002 se
461 1937 536 2021 cogi
559 1937 664 2016 iubet;
690 1959 815 2017 servos,
832 1944 982 2022 pastores
1007 1942 1114 2002 armat
1138 1945 1250 2026 atquo

172 2047 212 2112 iis
237 2068 340 2131 equos
362 2046 528 2136 attribuit3
552 2070 592 2113 ex
616 2047 667 2112 his
692 2046 822 2112 circiter
845 2045 929 2112 CCC
954 2046 1080 2130 equites
1096 2048 1250 2118 conticit.

137 2169 149 2209 3
172 2156 209 2219 L.
233 2153 379 2218 Manlius
402 2160 535 2238 praetor
557 2155 644 2220 Alba
667 2176 744 2219 oum
767 2152 958 2219 cohortibus
982 2174 1041 2217 sex
1057 2148 1249 2239 profugit,

171 2260 313 2326 Rutilius
336 2261 450 2345 Lupus
475 2268 606 2346 praetor
624 2261 805 2327 Tarracina
824 2282 901 2326 oum
920 2260 1042 2338 tribus;
1059 2281 1145 2343 quae
1162 2281 1249 2345 pro-

93 2370 100 2394 ‘
172 2369 226 2434 cul
250 2369 434 2455 equitatum
457 2370 613 2441 Caesaris
638 2370 859 2455 conspicatae,
876 2370 929 2435 cui
952 2376 1103 2454 praeerat
1119 2371 1249 2441 Vibius

172 2477 304 2554 Curius,
335 2477 449 2542 relicto
479 2485 628 2561 praetore
658 2479 756 2562 signa
787 2481 830 2544 ad
859 2478 997 2543 Curium
1035 2479 1249 2549 transferunt

135 2592 272 2671 ratque
295 2587 338 2650 ad
362 2608 437 2651 eum
466 2592 646 2652 transeunt.
691 2586 770 2651 item
798 2586 933 2670 reliquis
965 2586 1139 2651 itineribus
1163 2610 1248 2654 non,

171 2692 281 2757 nullae
306 2691 458 2756 cohortes
482 2691 516 2754 in
541 2712 659 2775 agmen
680 2690 843 2771 Caesaris,
868 2691 952 2756 aliae
979 2691 1013 2755 in
1036 2691 1163 2775 equites
1187 2696 1246 2760 in-

169 2800 295 2879 cidunt.
347 2797 517 2866 reducitur
539 2799 582 2863 ad
606 2818 682 2862 eum
705 2798 888 2881 deprensus
911 2820 951 2862 ex
966 2797 1082 2863 itinere
1104 2798 1144 2870 N,
1165 2799 1248 2867 Ma-

135 2908 247 2992 sgius
271 2907 446 2986 Cremona,
476 2906 664 2990 praefectus
696 2904 828 2968 fabrum
852 2903 912 2969 Cn.
945 2904 1093 2988 Pompei.
1139 2927 1245 2989 quem

171 3015 295 3080 Caesar
317 3015 360 3078 ad
384 3011 458 3078 eum
485 3012 620 3078 remittit
647 3033 723 3077 cum
751 3011 934 3076 mandatis:
960 3011 1115 3097 quoniam
1137 3015 1245 3083 adid

170 3130 300 3206 tempus
324 3121 466 3187 facultas
490 3119 698 3205 colloquendi
713 3141 778 3184 nou
795 3119 904 3196 luerit,
923 3126 1021 3204 atque
1039 3120 1111 3205 ipse
1130 3121 1245 3188 Brun-

170 3229 291 3294 disium
316 3228 358 3293 sit
382 3234 551 3307 venturus,
575 3228 732 3294 iuteresse
755 3227 802 3292 rei
825 3227 978 3312 publicae
1001 3235 1033 3293 et
1051 3231 1245 3298 communis

134 3355 146 3394 6
170 3337 287 3404 salutis
310 3358 346 3402 se
369 3359 445 3402 cum
469 3337 628 3421 Pompeio
651 3335 808 3421 colloqui3
825 3357 933 3420 noque
956 3358 1035 3402 vero
1057 3337 1145 3402 idem
1160 3359 1244 3422 pro-

169 3447 233 3527 fici,
246 3448 345 3531 longo
357 3445 483 3512 itineris
498 3445 615 3531 spatio,
632 3467 709 3511 cum
725 3467 784 3530 per
796 3443 879 3509 alios
896 3444 1108 3511 condiciones
1126 3446 1242 3512 feran-

168 3559 231 3633 tur,
258 3573 303 3618 ac,
320 3552 350 3617 si
373 3573 486 3618 coram
510 3554 551 3617 do
575 3553 731 3618 omnibus
751 3549 1004 3617 condicionibus
1027 3551 1242 3635 disceptetur.

135 3686 145 3726 1
248 3661 365 3729 XXV.
390 3659 451 3725 His
470 3660 556 3744 datis
573 3660 741 3728 mandatis
763 3659 978 3725 Brundisium
1002 3681 1078 3724 oum
1098 3660 1244 3745 legioni·

169 3768 233 3832 bus
254 3768 301 3832 VI
319 3767 480 3852 pervenit,
499 3768 664 3833 veteranis
689 3767 739 3833 III
761 3787 802 3832 ac
818 3746 962 3852 reliquis,
987 3789 1071 3852 quas
1096 3791 1135 3834 ex
1151 3790 1242 3836 novo
