2768 4200
431 198 549 255 CtlblM.
569 198 621 254 lll.
642 200 725 259 CAP.
744 200 924 255 LVII-LX.
1159 202 1210 259 109

140 385 206 449 que
229 384 286 428 eos
310 368 403 428 extra
430 362 582 427 ordinem
613 363 647 428 in
671 370 821 427 senatum
851 363 1011 446 legendos
1035 370 1211 428 curaverat

139 490 307 555 agrosque
330 469 365 534 in
388 468 498 536 Gallia
531 491 572 534 ex
600 470 751 535 hostibus
778 476 894 553 captos
917 469 1132 554 praemiaque
1161 470 1211 536 rei

142 576 353 661 pecuniariae
376 598 501 661 magna
523 578 684 643 tribuerat
700 578 947 662 locupletesque
971 599 1012 642 ex
1035 578 1211 662 egentibus

141 685 277 751 fecerat.
323 685 359 749 lri
374 691 508 769 propter
525 684 681 750 virtutem
705 707 772 749 non
789 685 896 750 solum
920 687 1009 769 apud
1032 684 1211 750 Caesarem
1235 713 1248 754 :r

141 791 174 856 in
197 791 324 857 honore
348 797 453 872 erant,
478 794 536 857 sed
561 792 659 857 etiam
684 793 773 876 apud
798 790 978 857 exercitum
1008 791 1077 856 cari
1105 792 1212 858 habe·
1245 799 1247 803 '

142 900 283 977 bantur;
307 898 365 962 sed
389 900 464 964 freti
481 899 628 964 amicitia
646 899 802 964 Caesaris
825 904 857 964 et
880 898 981 964 stulta
1004 920 1044 964 ac
1066 901 1211 965 barbara

139 1005 332 1090 arrogantia
347 1007 425 1072 elati
438 1007 666 1091 despiciebant
684 1028 762 1071 suos
779 1007 1045 1092 stipendiumque
1061 1009 1211 1093 equitum

139 1114 343 1180 fraudabant
356 1120 389 1181 et
407 1118 564 1200 praedam
582 1137 712 1179 ornnem
733 1117 867 1179 domum
885 1116 1090 1181 avertebant.
1137 1117 1212 1200 qui·
1236 1142 1249 1181 r

140 1224 204 1287 bus
217 1222 267 1287 illi
281 1223 381 1286 rebus
397 1221 537 1306 permoti
551 1222 701 1287 universi
720 1223 895 1287 Caesarem
915 1221 1068 1286 adierunt
1083 1222 1212 1306 palam-

138 1351 206 1415 que
229 1331 270 1394 de
294 1351 407 1393 eorum
431 1329 561 1394 iniuriis
586 1336 664 1394 sunt
687 1329 796 1414 questi
819 1335 852 1394 et
876 1331 1049 1395 adcelera
1072 1330 1212 1395 addide-

139 1444 217 1504 runt
240 1437 364 1503 falsum
387 1440 429 1503 ab
466 1438 506 1503 iis
530 1438 679 1523 equitum
711 1460 885 1502 numerum
916 1437 1046 1518 deferri,
1070 1459 1211 1521 quorum

137 1532 343 1629 stipendium
367 1552 564 1612 averterent.

229 1652 301 1717 LX.
336 1653 462 1718 Caesar
484 1675 591 1738 neque
626 1659 758 1737 tempus
793 1653 877 1717 illud
912 1652 1245 1718 animadversionisr

137 1780 214 1827 esse
237 1759 431 1825 existimans
453 1766 485 1826 et
508 1761 613 1825 multa
635 1761 751 1827 virtuti
782 1781 896 1824 eorum
920 1761 1108 1825 concedens
1140 1781 1210 1823 rem

138 1872 243 1933 totam
258 1867 394 1947 distulit,
407 1867 481 1931 illos
498 1876 624 1932 secreto
641 1867 829 1951 castigavit,
845 1867 933 1951 quod
952 1867 1103 1951 quaestui
1116 1865 1211 1950 equi-

139 1980 191 2039 tes
213 1973 387 2053 haberent,
411 1973 613 2058 monuitque,
638 1982 674 2038 ut
696 1996 737 2039 ex
761 1994 822 2037 sua
845 1973 993 2038 amicitia
1016 1972 1128 2037 omnia
1152 1996 1211 2038 cx·

140 2087 327 2163 spectarent
357 2089 390 2146 et
418 2105 458 2146 cx
481 2081 666 2165 praeteritis
695 2082 766 2145 suis
797 2080 914 2145 officiis
941 2080 1068 2165 reliqua
1098 2102 1212 2166 spera·

141 2194 222 2254 rent.
269 2210 427 2274 magnam
448 2195 559 2255 tamen
582 2190 666 2254 haec
684 2211 737 2254 res
752 2190 818 2254 illis
833 2188 1050 2254 offensionem
1074 2194 1107 2255 et
1130 2212 1210 2256 oon·
1233 2216 1247 2257 a

138 2296 354 2380 temptionem
380 2299 423 2361 ad
455 2318 570 2361 omnes
606 2296 726 2375 attulit,
756 2298 856 2381 idque
889 2296 936 2362 ita
966 2318 1039 2362 esse
1069 2319 1146 2361 oum
1171 2320 1211 2363 ex

140 2402 280 2467 aliorum
304 2404 589 2485 obiectationibus
604 2409 674 2469 tum
695 2404 793 2471 ctiam
819 2428 859 2470 cx
883 2406 1063 2470 domestico
1087 2405 1211 2471 iudicio

139 2519 241 2596 atquo
263 2513 365 2576 animi
389 2514 592 2579 conscientia
614 2513 860 2598 intellegebant.
907 2536 973 2598 quo
996 2517 1124 2599 pudore
1148 2517 1210 2580 ad·
1233 2537 1247 2579 :r

136 2619 231 2683 ducti
254 2625 288 2683 et
319 2620 459 2685 fortasse
487 2643 553 2685 non
577 2643 613 2687 se
639 2622 784 2701 liberari,
816 2624 876 2687 sed
905 2622 940 2686 in
963 2623 1054 2687 aliud
1078 2630 1210 2706 tempus

139 2727 304 2797 reservari
327 2728 477 2793 arbitrati
501 2728 707 2796 discederea
726 2727 821 2793 nobis
845 2735 876 2793 et
901 2750 1024 2793 novam
1049 2736 1211 2813 temptare

139 2836 305 2900 fortunam
330 2857 502 2921 novasque
537 2836 702 2902 amicitias
732 2835 875 2920 experiri
899 2835 1154 2900 constituerunt:
1179 2841 1245 2900 etr

135 2961 216 3006 cum
238 2941 355 3023 paucis
379 2941 531 3006 collocuti
547 2941 722 3005 clientibus
738 2942 818 3021 suis,
834 2940 954 3024 quibus
973 2947 1102 3004 tantum
1125 2941 1210 3005 faoi-

139 3068 202 3112 nus
226 3048 430 3113 committere
453 3050 632 3126 audebant,
655 3049 800 3131 primum
825 3047 933 3112 conati
957 3052 1036 3112 sunt
1058 3050 1210 3130 pracfec-

137 3162 209 3218 tum
233 3154 382 3239 equitum
414 3156 451 3220 C.
476 3155 683 3219 l'olusenum
706 3153 900 3233 interficere,
923 3162 960 3217 ut
986 3161 1101 3238 postea
1124 3154 1210 3219 bello

135 3262 289 3327 confecto
313 3263 484 3347 cognitum
503 3274 563 3342 est,
583 3268 619 3326 ut
639 3283 715 3326 curn
733 3282 869 3325 munere
888 3260 999 3344 aliquo
1023 3261 1210 3345 perfugisse

135 3370 182 3433 ad
205 3369 403 3452 Pompeium
420 3369 628 3447 viderentur3
645 3374 821 3452 postquam
835 3367 870 3432 id
888 3368 1019 3433 l'acinus
1042 3369 1210 3433 difficilius
1233 3391 1246 3432 5

138 3476 248 3540 visum
269 3484 318 3541 est
340 3498 447 3561 neque
470 3476 614 3541 facultas
629 3475 821 3560 perficiendi
839 3477 992 3557 dabatur,
1016 3497 1116 3560 quam
1136 3497 1210 3540 ma·

137 3583 248 3648 rimas
271 3589 450 3667 potuerunt
478 3583 638 3667 pecunias
667 3582 820 3663 mutuati,
849 3582 988 3666 proinde
1012 3604 1052 3647 ac
1081 3584 1116 3647 si
1138 3583 1208 3649 suis

137 3688 333 3755 satisfacere
349 3697 382 3755 ot
399 3691 554 3756 fraudata
566 3690 738 3755 restituero
760 3690 894 3769 vellent,
917 3690 1030 3757 multis
1046 3691 1209 3773 coemptis

137 3794 233 3877 cquis
251 3798 294 3860 ad
318 3796 514 3880 Pompeium
538 3795 739 3861 transierunt
771 3817 847 3860 cum
870 3795 921 3876 iis,
946 3817 1028 3880 quos
1053 3797 1104 3863 sui
1129 3818 1209 3860 con-

136 3900 203 3966 silii
227 3903 407 3986 participes
430 3903 609 3969 habebant.
