2768 4200
211 216 246 273 62
575 216 627 270 DE
646 215 772 272 BELLO
793 217 915 272 CIVILI

176 394 186 434 1
301 381 427 446 XXIII.
445 381 557 449 Isdem
576 379 782 463 temporibus
797 380 834 445 C.
859 380 961 445 Curio
985 380 1021 444 in
1038 381 1188 446 Africam
1206 403 1288 465 pro-

210 487 318 552 fectus
342 511 383 552 ex
407 487 521 552 Sicilia
552 493 584 552 et
607 488 675 553 iam
699 489 742 551 ab
766 488 860 552 initio
889 488 1003 572 copias
1034 488 1071 552 P.
1097 488 1179 553 Attii
1203 487 1287 553 Vari·

210 593 399 678 despiciens
423 596 507 659 duas
529 594 678 678 legiones
701 615 741 658 ex
764 594 823 672 IV,
847 614 932 678 quas
955 601 1130 678 acceperat
1153 616 1173 658 a
1197 594 1287 659 Cae-

210 721 294 782 sare,
316 703 346 766 D
363 702 490 786 equites
508 703 754 785 transportabat
764 700 934 785 biduoque
953 706 985 766 ct
1000 702 1155 766 noctibus
1177 702 1288 767 tribus

209 808 425 892 navigatione
448 808 655 891 consumptis
679 808 816 892 appellit
832 809 875 872 ad
898 831 975 874 eum
996 810 1118 890 locum,
1142 810 1200 894 qui
1223 831 1286 893 ap-

175 915 353 997 epellatur
381 914 598 999 Anquillaria.
645 914 701 978 hic
731 914 825 979 locus
856 917 951 980 abest
983 937 1003 979 a
1034 916 1172 999 Clupeis
1203 937 1286 1000 pas-

210 1042 309 1085 suum
331 1022 434 1087 XXII
456 1022 548 1086 milia
581 1022 751 1105 habetque
780 1043 848 1086 non
877 1022 1126 1088 incommodam
1157 1028 1288 1088 aestate

211 1127 386 1192 stationem
416 1133 449 1192 et
480 1129 610 1192 duobus
633 1127 854 1192 eminentibus
872 1127 1112 1212 promunturiis
1136 1127 1286 1193 contine-

175 1239 274 1298 atur.
323 1235 424 1298 huius
460 1238 645 1300 adventum
681 1234 717 1298 L.
752 1234 877 1299 Caesar
900 1235 987 1299 filius
1019 1256 1095 1298 cum
1118 1234 1151 1298 X
1174 1234 1288 1319 longis

209 1341 353 1406 navibus
377 1343 419 1405 ad
436 1342 600 1424 Clupeam
623 1341 840 1424 praestolans,
866 1362 949 1424 quas
972 1362 1077 1405 naves
1101 1340 1219 1407 Uticae
1242 1363 1285 1406 ex

210 1449 417 1531 praedonum
440 1449 527 1513 bello
551 1449 733 1512 subductas
756 1448 793 1512 P.
819 1448 930 1514 Attius
959 1448 1153 1513 reficiendas
1182 1449 1288 1514 huius

210 1554 290 1619 belli
313 1576 417 1619 causa
442 1562 628 1634 curaverat,
656 1555 784 1619 veritus
808 1554 947 1620 navium
971 1555 1218 1622 multitudinem
1243 1580 1285 1622 ex

210 1661 277 1726 alto
307 1661 476 1744 refugerat
503 1660 708 1744 appulsaque
743 1663 787 1725 ad
820 1660 1010 1744 proximum
1040 1662 1119 1727 litus
1150 1662 1288 1727 trireme

211 1774 380 1834 constrata
402 1769 444 1833 ed
467 1768 501 1832 in
524 1768 619 1832 litore
642 1768 758 1832 relicta
777 1769 919 1852 pedibus
935 1769 1180 1832 Hadrumetum
1202 1790 1284 1852 pro-

173 1878 352 1962 *fugerat
398 1877 433 1941 id
467 1876 625 1961 oppidum
659 1876 696 1942 C.
726 1875 904 1942 Considius
933 1875 1069 1959 Longus
1101 1876 1200 1940 unius
1233 1877 1285 1940 le-

209 1985 319 2070 gionis
338 1985 509 2069 praesidio
524 1987 691 2048 tuebatur.
736 1983 884 2066 reliquae
904 1982 1059 2047 Caesaris
1082 2005 1187 2047 naves
1212 1983 1286 2048 eius

174 2122 187 2163 o
210 2096 291 2178 fuga
307 2114 342 2157 se
360 2094 605 2158 Hadrumetum
622 2096 829 2175 receperunt.
875 2089 966 2153 hunc
982 2096 1115 2155 secutus
1134 2089 1287 2154 Marcius

210 2200 317 2264 Rufus
348 2206 504 2283 quaestor
537 2199 682 2263 navibus
705 2199 783 2279 XII,
815 2219 898 2282 quas
927 2198 1092 2281 praesidio
1121 2198 1285 2262 onerariis

210 2308 354 2372 navibus
378 2307 478 2371 Curio
502 2329 544 2370 ex
564 2305 678 2370 Sicilia
709 2308 879 2380 eduxerat,
911 2310 1091 2389 postquam
1123 2304 1158 2368 in
1187 2304 1286 2370 litore

210 2414 361 2479 relictam
380 2435 502 2478 navem
525 2413 708 2496 conspexit,
732 2413 823 2477 hanc
841 2413 990 2476 remulco
1014 2411 1186 2492 abstraxit,
1210 2411 1289 2494 ipse

210 2521 253 2586 ad
276 2520 314 2585 C.
338 2520 517 2585 Curionem
541 2541 618 2584 curn
642 2521 749 2584 classe
772 2518 880 2584 rediit.

176 2658 187 2698 1
299 2628 425 2693 XXIV.
450 2625 550 2692 Curio
573 2626 739 2690 Marcium
760 2625 894 2690 Uticam
917 2624 1062 2688 navibus
1086 2626 1288 2708 praemittit;

209 2737 281 2821 ipse
305 2737 420 2800 eodem
444 2756 521 2799 cum
545 2733 690 2798 exercitu
706 2730 925 2815 proficiscitur
948 2731 1106 2815 biduique
1129 2732 1191 2798 iter
1206 2755 1287 2816 pro-

175 2845 346 2928 egressus
378 2844 422 2907 ad
448 2843 572 2906 flumen
604 2841 797 2924 Bagradam
827 2839 990 2923 pervenit.
1036 2839 1084 2902 ibi
1116 2840 1154 2904 C.
1178 2840 1285 2904 Cani-

209 2953 302 3017 nium
313 2949 467 3015 Rebilum
482 2949 630 3032 legatum
650 2968 727 3012 cum
745 2945 934 3030 legionibus
952 2945 1097 3030 reliquit3
1113 2946 1186 3030 ipse
1206 2969 1286 3013 cum·

210 3058 360 3143 equitatu
383 3054 550 3121 antecedit
573 3056 616 3118 ad
640 3052 760 3117 Castra
783 3050 988 3135 exploranda
1004 3051 1169 3133 Cornelia,
1193 3055 1284 3135 quod

175 3193 187 3234 n
209 3165 238 3229 is
261 3165 355 3228 locus
378 3161 578 3246 peridoneus
593 3157 714 3224 castris
729 3157 926 3222 habebatur.
972 3157 1007 3221 id
1030 3162 1142 3221 autem
1166 3162 1216 3221 est
1230 3157 1287 3220 iu-

210 3293 292 3356 gum
308 3271 488 3347 derectum,
509 3265 659 3332 eminens
675 3266 710 3329 in
734 3285 836 3343 mare,
853 3268 993 3347 utraque
1009 3285 1050 3327 ex
1065 3270 1159 3348 parte
1182 3285 1283 3346 prae-

209 3383 345 3462 ruptum
368 3383 468 3460 atque
491 3395 656 3458 asperum,
673 3374 732 3437 sed
746 3378 859 3436 tamen
877 3371 977 3455 paulo
1000 3370 1124 3435 leniore
1147 3370 1287 3453 fastigio⁴

175 3516 188 3556 4
211 3489 253 3552 ab
278 3507 318 3550 ea
340 3489 445 3568 parte,
469 3504 554 3568 quae
579 3483 623 3546 ad
646 3481 780 3547 Uticam
805 3479 932 3563 vergit3
956 3481 1049 3545 abest
1073 3480 1204 3543 derecto
1226 3477 1286 3542 iti-

210 3616 289 3660 nere
313 3595 355 3657 ab
374 3591 473 3657 Utica
488 3590 588 3673 paulo
607 3588 752 3678 amplius
775 3607 896 3671 passus
919 3585 1019 3650 mille.
1065 3587 1124 3649 sed
1148 3585 1289 3650 hociti-

210 3723 289 3767 nere
313 3703 364 3764 est
382 3699 467 3777 fons,
484 3718 549 3781 quo
572 3718 666 3761 mare
683 3695 831 3760 succedit
846 3694 979 3779 longius
994 3693 1126 3777 lateque
1143 3692 1172 3756 is
1188 3693 1284 3758 locus

210 3812 397 3892 restagnat3
422 3825 522 3890 quem
545 3804 574 3868 si
597 3804 654 3889 qui
672 3804 778 3869 vitare
796 3801 971 3880 voluerint,
987 3820 1044 3863 sex
1063 3797 1193 3864 milium
1216 3800 1287 3865 cir-

198 3917 296 3980 cuitu
317 3914 355 3978 1'11
380 3913 543 3998 oppidum
566 3910 778 3998 perveniunt.
