2768 4200
168 256 204 310 20
536 256 588 310 DE
607 254 732 312 BELLO
752 255 874 312 CIVILI

136 439 145 478 1
258 417 422 481 XXXIII.
441 416 566 481 Probat
585 439 656 481 rem
680 424 817 483 senatus
841 421 882 484 de
907 419 1076 485 mittendis
1099 419 1242 503 legatis;

170 524 228 587 sed
242 523 300 608 qui
315 523 535 598 mitterentur,
554 546 622 589 non
641 525 900 608 reperiebantur,
916 528 1125 611 maximeque
1144 527 1244 592 timo-

169 631 215 696 ris
239 653 342 696 causa
364 653 424 715 pro
445 653 480 696 se
504 632 644 717 quisque
662 633 697 697 id
720 655 843 698 munus
858 634 1034 718 legationis
1051 635 1243 700 recusabat.

133 762 147 800 a
169 740 348 824 Pompeius
365 741 454 804 enirn
474 741 652 806 discedens
669 743 711 806 ab
731 743 812 806 urbo
836 741 870 806 in
894 747 1010 806 senatu
1034 742 1162 806 dixerat
1185 763 1243 805 eo-

78 875 80 879 *
170 848 246 911 dem
270 867 306 911 se
329 847 524 912 habiturum
547 847 631 928 loco,
651 848 708 933 qui
726 849 851 914 Rornae
874 848 1114 913 remansissent
1130 856 1162 912 et
1186 848 1246 932 qui

134 974 148 1016 3
169 955 205 1018 in
224 954 343 1020 castris
360 955 515 1020 Caesaris
532 955 684 1021 luissent.
730 956 778 1021 sic
796 955 943 1021 triduum
962 953 1245 1038 disputationibus

170 1061 505 1145 excusationibusque
524 1062 719 1129 extrahitur.
765 1062 927 1128 subicitur
945 1062 1045 1127 etiam
1069 1063 1106 1126 L.
1125 1061 1247 1126 Metel-

169 1170 222 1233 lus
240 1167 393 1233 tribunus
411 1167 519 1249 plebis
542 1168 585 1231 ab
609 1167 754 1233 inimicis
784 1167 950 1243 Caesaris
976 1167 1032 1252 qui
1059 1167 1148 1232 lianc
1171 1188 1245 1232 rem

169 1273 334 1338 distrahat
357 1272 570 1359 reliquasque
593 1295 657 1356 res,
681 1296 911 1361 quascumque
930 1296 1030 1358 agere
1052 1275 1245 1355 instituerit,

135 1404 148 1443 4
171 1380 340 1464 impediat.
385 1383 482 1445 cuius
512 1381 645 1465 cognito
669 1382 806 1446 consilio
830 1381 956 1445 Caesar
979 1382 1103 1445 frustra
1126 1383 1246 1448 diebus

170 1489 297 1573 aliquot
320 1489 536 1574 consumptis,
560 1512 603 1554 ne
626 1490 791 1575 reliquum
813 1495 946 1572 tempus
969 1488 1088 1568 mittat,
1113 1490 1247 1556 insectis

170 1595 222 1674 iis,
246 1617 332 1680 quae
356 1617 457 1680 agere
480 1597 718 1676 destinaverat,
738 1598 781 1661 ab
797 1599 879 1661 urbe
902 1596 1122 1680 proficiscitur
1145 1604 1248 1681 atque

171 1702 206 1766 in
230 1702 417 1768 ulteriorem
442 1701 587 1768 Galliam
606 1703 765 1786 pervenit.

139 1830 149 1871 1
261 1808 421 1874 XXXIV.
446 1807 520 1890 Quo
551 1830 628 1872 cum
651 1808 808 1889 venisset,
837 1808 1009 1892 cognoscit
1032 1809 1171 1873 missurn
1202 1812 1243 1873 in

172 1916 389 2000 Hispaniam
414 1936 434 1979 a
456 1914 614 1998 Pompeio
637 1915 821 1980 Vibullium
845 1916 979 1996 Rufum,
1004 1937 1102 2001 quem
1125 1916 1244 1999 paucis

135 2029 250 2088 rante
268 2023 387 2087 diebus
410 2020 555 2087 Corfinio
579 2027 714 2105 captum
742 2021 814 2107 ipse
838 2021 1030 2102 dimiserat;
1056 2021 1245 2106 protectum

170 2130 252 2195 item
269 2129 452 2196 Domitium
471 2130 515 2193 ad
526 2130 757 2213 occupandam
768 2128 955 2194 Massiliam
973 2129 1116 2193 navibus
1128 2134 1246 2193 actua-

171 2240 230 2304 riis
252 2247 391 2325 septem,
416 2260 502 2323 quae
525 2239 614 2323 Igilii
632 2246 664 2305 et
687 2238 723 2304 in
743 2239 876 2304 Cosano
900 2259 921 2302 a
946 2236 1086 2322 privatis
1109 2242 1245 2301 coactas

136 2368 149 2407 n
173 2347 290 2425 servis,
303 2346 440 2423 libertis,
454 2347 581 2411 colonis
594 2347 663 2410 suis
676 2348 915 2431 compleverat3
932 2343 1134 2428 praemissos
1143 2344 1244 2408 etiam

173 2455 301 2537 legatos
323 2451 552 2517 Massilienses
577 2453 723 2531 domum,
746 2454 873 2517 nobiles
897 2451 1137 2529 adulescentes
1161 2470 1246 2533 quos

175 2561 219 2624 ab
241 2559 322 2622 urbe
352 2556 530 2621 discedens
559 2557 740 2639 Pompeius
764 2564 835 2623 erat
858 2558 1063 2636 adhortatus,
1093 2578 1134 2621 ne
1157 2577 1246 2620 nova

175 2665 328 2731 Caesaris
344 2664 454 2727 officia
471 2670 621 2728 veterum
640 2685 776 2730 sucrum
787 2665 1026 2732 beneficiorum
1044 2666 1080 2729 in
1098 2687 1155 2730 eos
1173 2686 1246 2729 me-

137 2793 151 2834 4
175 2771 316 2837 moriam
347 2771 558 2854 expellerent.
607 2770 729 2855 quibus
759 2771 927 2837 mandatis
951 2771 1097 2855 acceptis
1120 2769 1245 2835 Massi-

174 2880 295 2946 lienses
310 2884 424 2962 portas
450 2877 587 2944 Caesari
611 2879 817 2960 clauserant3
837 2878 984 2958 Albicos,
1003 2879 1164 2943 barbaros
1182 2878 1246 2943 ho-

175 2986 291 3065 mines
304 2985 359 3070 qui
372 2986 407 3051 in
420 3005 533 3051 eorum
552 2986 616 3052 fide
628 2985 810 3071 antiquitus
822 2989 917 3050 erant
932 2989 1125 3069 montesque
1144 3005 1248 3068 supra

137 3114 151 3153 ³»
175 3095 358 3161 Massiliam
382 3097 580 3176 incolebant,
604 3097 648 3161 ad
671 3117 706 3160 se
728 3097 949 3171 vocaverant3
971 3092 1177 3158 frumentum
1205 3116 1247 3158 ex

175 3199 324 3266 finitimis
346 3202 540 3286 regionibus
576 3209 676 3287 atq-ue
708 3201 863 3266 omnibus
891 3197 1037 3264 castellis
1063 3197 1097 3263 iu
1128 3200 1246 3264 urbem

176 3316 420 3387 convexerant3
456 3331 625 3376 armorum
662 3309 811 3374 officinas
839 3308 874 3372 in
904 3308 987 3371 urbe
1016 3306 1248 3389 instituerant;

176 3438 301 3497 muros,
324 3423 447 3501 portas,
470 3419 613 3483 classem
631 3416 832 3482 reficiebant.

142 3542 152 3582 1
255 3523 409 3589 XXXV.
428 3525 556 3589 Evocat
579 3525 623 3587 ad
645 3544 681 3587 se
705 3522 830 3588 Caesar
852 3520 1002 3587 Massilia
1024 3521 1089 3586 XV
1111 3508 1247 3605 primos.

176 3650 254 3693 cum
277 3628 330 3719 his
349 3628 429 3712 agit,
448 3651 490 3693 ne
513 3627 644 3693 initium
663 3628 827 3692 inferendi
844 3628 924 3693 belli
943 3649 964 3692 a
982 3625 1249 3692 Massiliensibus

177 3735 316 3815 oriatur;
340 3735 460 3800 debere
481 3755 536 3799 eos
560 3732 676 3798 Italiae
700 3735 799 3800 totius
823 3733 1054 3800 auctoritatem
1073 3733 1169 3818 sequi
1187 3756 1249 3818 pc-

141 3863 154 3903 a
178 3842 244 3907 tius
257 3864 357 3926 quam
369 3841 469 3907 unius
484 3841 629 3907 hominis
646 3841 807 3907 voluntati
822 3843 1063 3926 obtemperare.
1109 3841 1248 3926 reliqua,
