<?xml version="1.0" encoding="UTF-8"?>
<!DOCTYPE html PUBLIC "-//W3C//DTD XHTML 1.0 Transitional//EN"
    "http://www.w3.org/TR/xhtml1/DTD/xhtml1-transitional.dtd">
<html xmlns="http://www.w3.org/1999/xhtml" xml:lang="en" lang="en">
 <head>
  <title>
</title>
<meta http-equiv="Content-Type" content="text/html;charset=utf-8" />
  <meta name='ocr-system' content='tesseract 3.04.00' />
  <meta name='ocr-capabilities' content='ocr_page ocr_carea ocr_par ocr_line ocrx_word'/>
</head>
<body>
  <div class='ocr_page' id='page_1' title='image "./ciuliicaesarisc00ramogoog_0086.png"; bbox 0 0 2768 4200; ppageno 0'>
   <div class='ocr_carea' id='block_1_1' title="bbox 202 183 910 245">
    <p class='ocr_par' dir='ltr' id='par_1_1' title="bbox 202 183 910 245">
     <span class='ocr_line' id='line_1_1' title="bbox 202 183 910 245; baseline -0.004 0"><span class='ocrx_word' id='word_1_1' title='bbox 202 191 237 245; x_wconf 77' lang='lat'>70</span> <span class='ocrx_word' id='word_1_2' title='bbox 566 183 619 243; x_wconf 83' lang='lat' dir='ltr'>DE</span> <span class='ocrx_word' id='word_1_3' title='bbox 639 187 765 244; x_wconf 85' lang='lat' dir='ltr'>BELLO</span> <span class='ocrx_word' id='word_1_4' title='bbox 788 188 910 244; x_wconf 90' lang='lat' dir='ltr'>CIVILI</span> 
     </span>
    </p>
   </div>
   <div class='ocr_carea' id='block_1_2' title="bbox 160 350 1281 3731">
    <p class='ocr_par' dir='ltr' id='par_1_2' title="bbox 201 350 1281 524">
     <span class='ocr_line' id='line_1_2' title="bbox 201 350 1281 470; baseline 0.001 -55"><span class='ocrx_word' id='word_1_5' title='bbox 201 352 340 436; x_wconf 88' lang='lat' dir='ltr'>lumque</span> <span class='ocrx_word' id='word_1_6' title='bbox 364 351 458 432; x_wconf 82' lang='lat' dir='ltr'>aluit,</span> <span class='ocrx_word' id='word_1_7' title='bbox 436 350 571 436; x_wconf 89' lang='lat' dir='ltr'>tquin</span> <span class='ocrx_word' id='word_1_8' title='bbox 600 351 1082 470; x_wconf 69' lang='lat' dir='ltr'>Varum1nttberficeret,quod</span> <span class='ocrx_word' id='word_1_9' title='bbox 1110 350 1166 416; x_wconf 94' lang='lat' dir='ltr'>ille</span> <span class='ocrx_word' id='word_1_10' title='bbox 1188 351 1281 435; x_wconf 91' lang='lat' dir='ltr'>peri-</span> 
     </span>
     <span class='ocr_line' id='line_1_3' title="bbox 203 457 1281 524; baseline -0.001 0"><span class='ocrx_word' id='word_1_11' title='bbox 203 459 316 524; x_wconf 91' lang='lat' dir='ltr'>culum</span> <span class='ocrx_word' id='word_1_12' title='bbox 339 460 472 523; x_wconf 91' lang='lat' dir='ltr'>sublato</span> <span class='ocrx_word' id='word_1_13' title='bbox 497 457 635 523; x_wconf 86' lang='lat' dir='ltr'>adeius</span> <span class='ocrx_word' id='word_1_14' title='bbox 662 464 820 523; x_wconf 91' lang='lat' dir='ltr'>conatum</span> <span class='ocrx_word' id='word_1_15' title='bbox 849 463 943 523; x_wconf 90' lang='lat' dir='ltr'>scuto</span> <span class='ocrx_word' id='word_1_16' title='bbox 975 457 1024 523; x_wconf 88' lang='lat' dir='ltr'>vit</span> <span class='ocrx_word' id='word_1_17' title='bbox 1025 457 1105 522; x_wconf 92' lang='lat' dir='ltr'>avit.</span> <span class='ocrx_word' id='word_1_18' title='bbox 1082 457 1281 523; x_wconf 84' lang='lat' dir='ltr'>tFabius</span> 
     </span>
    </p>

    <p class='ocr_par' dir='ltr' id='par_1_3' title="bbox 164 564 1280 863">
     <span class='ocr_line' id='line_1_4' title="bbox 164 564 1278 649; baseline 0.005 -25"><span class='ocrx_word' id='word_1_19' title='bbox 164 581 177 624; x_wconf 81' lang='lat' dir='ltr'>o</span> <span class='ocrx_word' id='word_1_20' title='bbox 206 587 226 628; x_wconf 85' lang='lat' dir='ltr'>a</span> <span class='ocrx_word' id='word_1_21' title='bbox 248 564 409 649; x_wconf 83' lang='lat' dir='ltr'>proximis</span> <span class='ocrx_word' id='word_1_22' title='bbox 426 565 589 630; x_wconf 90' lang='lat' dir='ltr'>militibus</span> <span class='ocrx_word' id='word_1_23' title='bbox 608 565 815 630; x_wconf 82' lang='lat' dir='ltr'>circumvent</span> <span class='ocrx_word' id='word_1_24' title='bbox 816 588 856 630; x_wconf 94' lang='lat' dir='ltr'>us</span> <span class='ocrx_word' id='word_1_25' title='bbox 872 565 921 631; x_wconf 90' lang='lat' dir='ltr'>int</span> <span class='ocrx_word' id='word_1_26' title='bbox 908 564 1029 631; x_wconf 87' lang='lat' dir='ltr'>terlicit</span> <span class='ocrx_word' id='word_1_27' title='bbox 1016 571 1079 630; x_wconf 87' lang='lat' dir='ltr'>t.ur</span> <span class='ocrx_word' id='word_1_28' title='bbox 1125 566 1199 631; x_wconf 90' lang='lat' dir='ltr'>Hac</span> <span class='ocrx_word' id='word_1_29' title='bbox 1223 566 1278 630; x_wconf 87' lang='lat' dir='ltr'>su-</span> 
     </span>
     <span class='ocr_line' id='line_1_5' title="bbox 201 670 1280 754; baseline 0.004 -21"><span class='ocrx_word' id='word_1_30' title='bbox 201 670 365 754; x_wconf 81' lang='lat' dir='ltr'>gientium</span> <span class='ocrx_word' id='word_1_31' title='bbox 392 671 606 737; x_wconf 89' lang='lat' dir='ltr'>multitudine</span> <span class='ocrx_word' id='word_1_32' title='bbox 636 692 676 736; x_wconf 88' lang='lat' dir='ltr'>ao</span> <span class='ocrx_word' id='word_1_33' title='bbox 707 673 806 736; x_wconf 91' lang='lat' dir='ltr'>turba</span> <span class='ocrx_word' id='word_1_34' title='bbox 828 676 943 754; x_wconf 88' lang='lat' dir='ltr'>portae</span> <span class='ocrx_word' id='word_1_35' title='bbox 967 676 1151 736; x_wconf 89' lang='lat' dir='ltr'>castrorum</span> <span class='ocrx_word' id='word_1_36' title='bbox 1176 692 1280 737; x_wconf 92' lang='lat' dir='ltr'>oocu-</span> 
     </span>
     <span class='ocr_line' id='line_1_6' title="bbox 202 776 1276 863; baseline -0.001 -22"><span class='ocrx_word' id='word_1_37' title='bbox 202 783 323 860; x_wconf 91' lang='lat' dir='ltr'>pantur</span> <span class='ocrx_word' id='word_1_38' title='bbox 346 783 446 861; x_wconf 87' lang='lat' dir='ltr'>atque</span> <span class='ocrx_word' id='word_1_39' title='bbox 470 776 533 842; x_wconf 89' lang='lat' dir='ltr'>iter</span> <span class='ocrx_word' id='word_1_40' title='bbox 560 777 748 863; x_wconf 81' lang='lat' dir='ltr'>impeditur,</span> <span class='ocrx_word' id='word_1_41' title='bbox 772 776 951 862; x_wconf 84' lang='lat' dir='ltr'>pluresque</span> <span class='ocrx_word' id='word_1_42' title='bbox 979 777 1015 840; x_wconf 91' lang='lat' dir='ltr'>in</span> <span class='ocrx_word' id='word_1_43' title='bbox 1039 798 1078 841; x_wconf 92' lang='lat' dir='ltr'>eo</span> <span class='ocrx_word' id='word_1_44' title='bbox 1108 776 1179 842; x_wconf 89' lang='lat' dir='ltr'>loco</span> <span class='ocrx_word' id='word_1_45' title='bbox 1203 777 1276 841; x_wconf 89' lang='lat' dir='ltr'>sine</span> 
     </span>
    </p>

    <p class='ocr_par' dir='ltr' id='par_1_4' title="bbox 164 884 1279 1076">
     <span class='ocr_line' id='line_1_7' title="bbox 164 884 1279 970; baseline 0.005 -26"><span class='ocrx_word' id='word_1_46' title='bbox 164 902 178 944; x_wconf 84' lang='lat'>4</span> <span class='ocrx_word' id='word_1_47' title='bbox 202 884 340 951; x_wconf 88' lang='lat' dir='ltr'>vulnere</span> <span class='ocrx_word' id='word_1_48' title='bbox 364 907 466 970; x_wconf 88' lang='lat' dir='ltr'>quam</span> <span class='ocrx_word' id='word_1_49' title='bbox 484 885 519 950; x_wconf 90' lang='lat' dir='ltr'>in</span> <span class='ocrx_word' id='word_1_50' title='bbox 542 886 667 970; x_wconf 91' lang='lat' dir='ltr'>proelio</span> <span class='ocrx_word' id='word_1_51' title='bbox 683 891 742 950; x_wconf 87' lang='lat' dir='ltr'>aut</span> <span class='ocrx_word' id='word_1_52' title='bbox 764 886 848 970; x_wconf 85' lang='lat' dir='ltr'>suga</span> <span class='ocrx_word' id='word_1_53' title='bbox 862 885 1044 967; x_wconf 89' lang='lat' dir='ltr'>intereunt;</span> <span class='ocrx_word' id='word_1_54' title='bbox 1067 906 1174 970; x_wconf 88' lang='lat' dir='ltr'>neque</span> <span class='ocrx_word' id='word_1_55' title='bbox 1189 886 1279 950; x_wconf 94' lang='lat' dir='ltr'>mul-</span> 
     </span>
     <span class='ocr_line' id='line_1_8' title="bbox 201 991 1276 1076; baseline -0.001 -19"><span class='ocrx_word' id='word_1_56' title='bbox 201 998 273 1058; x_wconf 86' lang='lat' dir='ltr'>tum</span> <span class='ocrx_word' id='word_1_57' title='bbox 296 992 390 1072; x_wconf 86' lang='lat' dir='ltr'>afuit,</span> <span class='ocrx_word' id='word_1_58' title='bbox 414 991 494 1076; x_wconf 91' lang='lat' dir='ltr'>quin</span> <span class='ocrx_word' id='word_1_59' title='bbox 518 992 619 1056; x_wconf 89' lang='lat' dir='ltr'>etiam</span> <span class='ocrx_word' id='word_1_60' title='bbox 642 992 761 1057; x_wconf 89' lang='lat' dir='ltr'>castris</span> <span class='ocrx_word' id='word_1_61' title='bbox 784 993 1034 1076; x_wconf 84' lang='lat' dir='ltr'>expellerentur,</span> <span class='ocrx_word' id='word_1_62' title='bbox 1058 1012 1098 1058; x_wconf 88' lang='lat' dir='ltr'>ao</span> <span class='ocrx_word' id='word_1_63' title='bbox 1121 992 1276 1056; x_wconf 86' lang='lat' dir='ltr'>nonnulli</span> 
     </span>
    </p>

    <p class='ocr_par' dir='ltr' id='par_1_5' title="bbox 163 1099 1277 1505">
     <span class='ocr_line' id='line_1_9' title="bbox 163 1099 1276 1183; baseline -0.002 -18"><span class='ocrx_word' id='word_1_64' title='bbox 163 1100 351 1183; x_wconf 70' lang='lat' dir='ltr'>oprotinus</span> <span class='ocrx_word' id='word_1_65' title='bbox 382 1101 500 1165; x_wconf 89' lang='lat' dir='ltr'>eodem</span> <span class='ocrx_word' id='word_1_66' title='bbox 530 1120 631 1165; x_wconf 91' lang='lat' dir='ltr'>cursu</span> <span class='ocrx_word' id='word_1_67' title='bbox 659 1099 693 1163; x_wconf 93' lang='lat' dir='ltr'>in</span> <span class='ocrx_word' id='word_1_68' title='bbox 719 1099 880 1183; x_wconf 89' lang='lat' dir='ltr'>oppidum</span> <span class='ocrx_word' id='word_1_69' title='bbox 911 1099 1166 1164; x_wconf 89' lang='lat' dir='ltr'>contenderunt.</span> <span class='ocrx_word' id='word_1_70' title='bbox 1214 1101 1276 1164; x_wconf 91' lang='lat' dir='ltr'>sed</span> 
     </span>
     <span class='ocr_line' id='line_1_10' title="bbox 201 1206 1276 1292; baseline 0 -20"><span class='ocrx_word' id='word_1_71' title='bbox 201 1230 276 1273; x_wconf 87' lang='lat' dir='ltr'>oum</span> <span class='ocrx_word' id='word_1_72' title='bbox 296 1208 361 1274; x_wconf 91' lang='lat' dir='ltr'>looi</span> <span class='ocrx_word' id='word_1_73' title='bbox 378 1214 498 1273; x_wconf 90' lang='lat' dir='ltr'>natura</span> <span class='ocrx_word' id='word_1_74' title='bbox 517 1213 550 1273; x_wconf 91' lang='lat' dir='ltr'>et</span> <span class='ocrx_word' id='word_1_75' title='bbox 573 1207 713 1274; x_wconf 88' lang='lat' dir='ltr'>munitio</span> <span class='ocrx_word' id='word_1_76' title='bbox 729 1214 915 1273; x_wconf 90' lang='lat' dir='ltr'>castrorum</span> <span class='ocrx_word' id='word_1_77' title='bbox 932 1207 1059 1272; x_wconf 91' lang='lat' dir='ltr'>aditum</span> <span class='ocrx_word' id='word_1_78' title='bbox 1075 1206 1276 1292; x_wconf 85' lang='lat' dir='ltr'>prohibebat</span> 
     </span>
     <span class='ocr_line' id='line_1_11' title="bbox 199 1312 1277 1399; baseline 0.002 -22"><span class='ocrx_word' id='word_1_79' title='bbox 199 1320 270 1377; x_wconf 91' lang='lat' dir='ltr'>tum</span> <span class='ocrx_word' id='word_1_80' title='bbox 290 1316 379 1398; x_wconf 91' lang='lat' dir='ltr'>quod</span> <span class='ocrx_word' id='word_1_81' title='bbox 402 1315 446 1378; x_wconf 91' lang='lat' dir='ltr'>ad</span> <span class='ocrx_word' id='word_1_82' title='bbox 464 1313 627 1399; x_wconf 90' lang='lat' dir='ltr'>proelium</span> <span class='ocrx_word' id='word_1_83' title='bbox 651 1314 776 1398; x_wconf 85' lang='lat' dir='ltr'>egressi</span> <span class='ocrx_word' id='word_1_84' title='bbox 796 1314 950 1379; x_wconf 84' lang='lat' dir='ltr'>Curionis</span> <span class='ocrx_word' id='word_1_85' title='bbox 967 1312 1097 1378; x_wconf 90' lang='lat' dir='ltr'>milites</span> <span class='ocrx_word' id='word_1_86' title='bbox 1110 1313 1152 1378; x_wconf 91' lang='lat' dir='ltr'>iis</span> <span class='ocrx_word' id='word_1_87' title='bbox 1174 1315 1277 1379; x_wconf 90' lang='lat' dir='ltr'>rebus</span> 
     </span>
     <span class='ocr_line' id='line_1_12' title="bbox 199 1419 1276 1505; baseline 0.003 -22"><span class='ocrx_word' id='word_1_88' title='bbox 199 1419 405 1504; x_wconf 81' lang='lat' dir='ltr'>indigebant,</span> <span class='ocrx_word' id='word_1_89' title='bbox 422 1441 508 1504; x_wconf 91' lang='lat' dir='ltr'>quae</span> <span class='ocrx_word' id='word_1_90' title='bbox 521 1421 565 1484; x_wconf 93' lang='lat' dir='ltr'>ad</span> <span class='ocrx_word' id='word_1_91' title='bbox 577 1419 860 1505; x_wconf 86' lang='lat' dir='ltr'>oppugnationem</span> <span class='ocrx_word' id='word_1_92' title='bbox 876 1425 1061 1484; x_wconf 89' lang='lat' dir='ltr'>castrorum</span> <span class='ocrx_word' id='word_1_93' title='bbox 1078 1424 1173 1484; x_wconf 89' lang='lat' dir='ltr'>erant</span> <span class='ocrx_word' id='word_1_94' title='bbox 1186 1421 1276 1487; x_wconf 89' lang='lat' dir='ltr'>usui.</span> 
     </span>
    </p>

    <p class='ocr_par' dir='ltr' id='par_1_6' title="bbox 162 1525 1275 2039">
     <span class='ocr_line' id='line_1_13' title="bbox 162 1525 1274 1612; baseline 0.001 -20"><span class='ocrx_word' id='word_1_95' title='bbox 162 1529 311 1612; x_wconf 72' lang='lat' dir='ltr'>citaque</span> <span class='ocrx_word' id='word_1_96' title='bbox 335 1527 436 1592; x_wconf 84' lang='lat' dir='ltr'>Curio</span> <span class='ocrx_word' id='word_1_97' title='bbox 463 1527 646 1592; x_wconf 87' lang='lat' dir='ltr'>exercitum</span> <span class='ocrx_word' id='word_1_98' title='bbox 676 1527 711 1591; x_wconf 93' lang='lat' dir='ltr'>in</span> <span class='ocrx_word' id='word_1_99' title='bbox 735 1533 847 1592; x_wconf 85' lang='lat' dir='ltr'>castra</span> <span class='ocrx_word' id='word_1_100' title='bbox 870 1526 1000 1592; x_wconf 89' lang='lat' dir='ltr'>reducit</span> <span class='ocrx_word' id='word_1_101' title='bbox 1023 1525 1094 1590; x_wconf 89' lang='lat' dir='ltr'>suis</span> <span class='ocrx_word' id='word_1_102' title='bbox 1116 1526 1274 1593; x_wconf 88' lang='lat' dir='ltr'>omnibus</span> 
     </span>
     <span class='ocr_line' id='line_1_14' title="bbox 200 1631 1272 1718; baseline 0.001 -19"><span class='ocrx_word' id='word_1_103' title='bbox 200 1631 331 1718; x_wconf 76' lang='lat' dir='ltr'>praeter</span> <span class='ocrx_word' id='word_1_104' title='bbox 354 1634 495 1699; x_wconf 82' lang='lat' dir='ltr'>Fabium</span> <span class='ocrx_word' id='word_1_105' title='bbox 518 1633 753 1714; x_wconf 67' lang='lat' dir='ltr'>incolumibus</span> <span class='ocrx_word' id='word_1_106' title='bbox 778 1655 819 1698; x_wconf 80' lang='lat' dir='ltr'>err</span> <span class='ocrx_word' id='word_1_107' title='bbox 842 1655 979 1698; x_wconf 91' lang='lat' dir='ltr'>numero</span> <span class='ocrx_word' id='word_1_108' title='bbox 1003 1633 1272 1700; x_wconf 87' lang='lat' dir='ltr'>adversariorum</span> 
     </span>
     <span class='ocr_line' id='line_1_15' title="bbox 199 1738 1275 1824; baseline 0 -18"><span class='ocrx_word' id='word_1_109' title='bbox 199 1741 331 1807; x_wconf 87' lang='lat' dir='ltr'>circiter</span> <span class='ocrx_word' id='word_1_110' title='bbox 353 1742 413 1807; x_wconf 88' lang='lat' dir='ltr'>DC</span> <span class='ocrx_word' id='word_1_111' title='bbox 437 1740 620 1806; x_wconf 83' lang='lat' dir='ltr'>interfectis</span> <span class='ocrx_word' id='word_1_112' title='bbox 645 1761 686 1805; x_wconf 89' lang='lat' dir='ltr'>ac</span> <span class='ocrx_word' id='word_1_113' title='bbox 720 1739 810 1804; x_wconf 90' lang='lat' dir='ltr'>mille</span> <span class='ocrx_word' id='word_1_114' title='bbox 843 1738 1043 1820; x_wconf 88' lang='lat' dir='ltr'>vulneratis;</span> <span class='ocrx_word' id='word_1_115' title='bbox 1075 1739 1134 1824; x_wconf 92' lang='lat' dir='ltr'>qui</span> <span class='ocrx_word' id='word_1_116' title='bbox 1157 1761 1275 1806; x_wconf 90' lang='lat' dir='ltr'>omnes</span> 
     </span>
     <span class='ocr_line' id='line_1_16' title="bbox 200 1846 1274 1931; baseline 0.001 -20"><span class='ocrx_word' id='word_1_117' title='bbox 200 1848 353 1913; x_wconf 82' lang='lat' dir='ltr'>discessu</span> <span class='ocrx_word' id='word_1_118' title='bbox 375 1848 531 1914; x_wconf 81' lang='lat' dir='ltr'>Curionis</span> <span class='ocrx_word' id='word_1_119' title='bbox 555 1847 717 1931; x_wconf 93' lang='lat' dir='ltr'>multique</span> <span class='ocrx_word' id='word_1_120' title='bbox 741 1852 915 1930; x_wconf 86' lang='lat' dir='ltr'>praeterea</span> <span class='ocrx_word' id='word_1_121' title='bbox 938 1866 998 1929; x_wconf 88' lang='lat' dir='ltr'>per</span> <span class='ocrx_word' id='word_1_122' title='bbox 1025 1846 1274 1912; x_wconf 83' lang='lat' dir='ltr'>simulationem</span> 
     </span>
     <span class='ocr_line' id='line_1_17' title="bbox 198 1953 1274 2039; baseline 0.006 -23"><span class='ocrx_word' id='word_1_123' title='bbox 198 1955 373 2019; x_wconf 87' lang='lat' dir='ltr'>vulnerum</span> <span class='ocrx_word' id='word_1_124' title='bbox 397 1977 438 2019; x_wconf 82' lang='lat' dir='ltr'>ex</span> <span class='ocrx_word' id='word_1_125' title='bbox 461 1954 580 2020; x_wconf 89' lang='lat' dir='ltr'>castris</span> <span class='ocrx_word' id='word_1_126' title='bbox 606 1954 641 2018; x_wconf 92' lang='lat' dir='ltr'>in</span> <span class='ocrx_word' id='word_1_127' title='bbox 665 1953 824 2039; x_wconf 92' lang='lat' dir='ltr'>oppidum</span> <span class='ocrx_word' id='word_1_128' title='bbox 857 1960 992 2038; x_wconf 88' lang='lat' dir='ltr'>propter</span> <span class='ocrx_word' id='word_1_129' title='bbox 1020 1953 1176 2019; x_wconf 88' lang='lat' dir='ltr'>timorem</span> <span class='ocrx_word' id='word_1_130' title='bbox 1199 1976 1274 2022; x_wconf 86' lang='lat' dir='ltr'>sese</span> 
     </span>
    </p>

    <p class='ocr_par' dir='ltr' id='par_1_7' title="bbox 161 2059 1274 2462">
     <span class='ocr_line' id='line_1_18' title="bbox 161 2059 1274 2145; baseline 0.005 -26"><span class='ocrx_word' id='word_1_131' title='bbox 161 2059 371 2143; x_wconf 78' lang='lat' dir='ltr'>rreoipiunt.</span> <span class='ocrx_word' id='word_1_132' title='bbox 419 2082 486 2145; x_wconf 91' lang='lat' dir='ltr'>qua</span> <span class='ocrx_word' id='word_1_133' title='bbox 513 2083 549 2125; x_wconf 89' lang='lat' dir='ltr'>re</span> <span class='ocrx_word' id='word_1_134' title='bbox 577 2061 814 2125; x_wconf 88' lang='lat' dir='ltr'>animadversa</span> <span class='ocrx_word' id='word_1_135' title='bbox 836 2061 948 2124; x_wconf 90' lang='lat' dir='ltr'>Varus</span> <span class='ocrx_word' id='word_1_136' title='bbox 971 2066 1004 2125; x_wconf 91' lang='lat' dir='ltr'>et</span> <span class='ocrx_word' id='word_1_137' title='bbox 1029 2065 1153 2125; x_wconf 90' lang='lat' dir='ltr'>terrore</span> <span class='ocrx_word' id='word_1_138' title='bbox 1177 2082 1274 2126; x_wconf 87' lang='lat' dir='ltr'>exer-</span> 
     </span>
     <span class='ocr_line' id='line_1_19' title="bbox 197 2165 1274 2252; baseline 0.002 -22"><span class='ocrx_word' id='word_1_139' title='bbox 197 2165 283 2230; x_wconf 89' lang='lat' dir='ltr'>citus</span> <span class='ocrx_word' id='word_1_140' title='bbox 307 2168 439 2250; x_wconf 88' lang='lat' dir='ltr'>cognito</span> <span class='ocrx_word' id='word_1_141' title='bbox 457 2169 653 2233; x_wconf 86' lang='lat' dir='ltr'>bucinatore</span> <span class='ocrx_word' id='word_1_142' title='bbox 670 2169 706 2232; x_wconf 90' lang='lat' dir='ltr'>in</span> <span class='ocrx_word' id='word_1_143' title='bbox 726 2167 843 2234; x_wconf 87' lang='lat' dir='ltr'>castris</span> <span class='ocrx_word' id='word_1_144' title='bbox 867 2176 900 2232; x_wconf 88' lang='lat' dir='ltr'>et</span> <span class='ocrx_word' id='word_1_145' title='bbox 921 2167 1039 2252; x_wconf 83' lang='lat' dir='ltr'>paucis</span> <span class='ocrx_word' id='word_1_146' title='bbox 1063 2169 1106 2232; x_wconf 91' lang='lat' dir='ltr'>ad</span> <span class='ocrx_word' id='word_1_147' title='bbox 1125 2168 1274 2251; x_wconf 91' lang='lat' dir='ltr'>speciem</span> 
     </span>
     <span class='ocr_line' id='line_1_20' title="bbox 197 2273 1271 2359; baseline 0.005 -22"><span class='ocrx_word' id='word_1_148' title='bbox 197 2273 422 2337; x_wconf 86' lang='lat' dir='ltr'>tabernaculis</span> <span class='ocrx_word' id='word_1_149' title='bbox 444 2275 571 2340; x_wconf 85' lang='lat' dir='ltr'>relictis</span> <span class='ocrx_word' id='word_1_150' title='bbox 601 2278 642 2340; x_wconf 90' lang='lat' dir='ltr'>de</span> <span class='ocrx_word' id='word_1_151' title='bbox 665 2274 762 2340; x_wconf 89' lang='lat' dir='ltr'>tertia</span> <span class='ocrx_word' id='word_1_152' title='bbox 789 2274 906 2359; x_wconf 86' lang='lat' dir='ltr'>vigilia</span> <span class='ocrx_word' id='word_1_153' title='bbox 933 2274 1064 2339; x_wconf 89' lang='lat' dir='ltr'>silentio</span> <span class='ocrx_word' id='word_1_154' title='bbox 1088 2275 1271 2342; x_wconf 88' lang='lat' dir='ltr'>exercitum</span> 
     </span>
     <span class='ocr_line' id='line_1_21' title="bbox 198 2378 578 2462; baseline 0.005 -20"><span class='ocrx_word' id='word_1_155' title='bbox 198 2379 233 2444; x_wconf 92' lang='lat' dir='ltr'>in</span> <span class='ocrx_word' id='word_1_156' title='bbox 257 2378 417 2462; x_wconf 93' lang='lat' dir='ltr'>oppidum</span> <span class='ocrx_word' id='word_1_157' title='bbox 440 2381 578 2446; x_wconf 92' lang='lat' dir='ltr'>reducit.</span> 
     </span>
    </p>

    <p class='ocr_par' dir='ltr' id='par_1_8' title="bbox 162 2485 1272 2998">
     <span class='ocr_line' id='line_1_22' title="bbox 162 2485 1271 2552; baseline 0.006 -7"><span class='ocrx_word' id='word_1_158' title='bbox 162 2504 173 2545; x_wconf 88' lang='lat'>1</span> <span class='ocrx_word' id='word_1_159' title='bbox 286 2485 446 2550; x_wconf 87' lang='lat' dir='ltr'>XXXVI.</span> <span class='ocrx_word' id='word_1_160' title='bbox 470 2486 608 2551; x_wconf 90' lang='lat' dir='ltr'>Postero</span> <span class='ocrx_word' id='word_1_161' title='bbox 632 2487 685 2550; x_wconf 88' lang='lat' dir='ltr'>die</span> <span class='ocrx_word' id='word_1_162' title='bbox 709 2486 809 2551; x_wconf 79' lang='lat' dir='ltr'>Curio</span> <span class='ocrx_word' id='word_1_163' title='bbox 834 2486 985 2552; x_wconf 91' lang='lat' dir='ltr'>obsidere</span> <span class='ocrx_word' id='word_1_164' title='bbox 1009 2487 1142 2552; x_wconf 89' lang='lat' dir='ltr'>Uticam</span> <span class='ocrx_word' id='word_1_165' title='bbox 1162 2487 1271 2552; x_wconf 89' lang='lat' dir='ltr'>vallo-</span> 
     </span>
     <span class='ocr_line' id='line_1_23' title="bbox 198 2593 1272 2677; baseline 0.002 -21"><span class='ocrx_word' id='word_1_166' title='bbox 198 2615 261 2677; x_wconf 90' lang='lat' dir='ltr'>que</span> <span class='ocrx_word' id='word_1_167' title='bbox 285 2593 543 2658; x_wconf 87' lang='lat' dir='ltr'>circummunire</span> <span class='ocrx_word' id='word_1_168' title='bbox 574 2593 727 2659; x_wconf 89' lang='lat' dir='ltr'>instituit.</span> <span class='ocrx_word' id='word_1_169' title='bbox 775 2598 847 2657; x_wconf 90' lang='lat' dir='ltr'>erat</span> <span class='ocrx_word' id='word_1_170' title='bbox 874 2593 909 2656; x_wconf 91' lang='lat' dir='ltr'>in</span> <span class='ocrx_word' id='word_1_171' title='bbox 940 2593 1061 2675; x_wconf 93' lang='lat' dir='ltr'>oppido</span> <span class='ocrx_word' id='word_1_172' title='bbox 1092 2593 1272 2659; x_wconf 90' lang='lat' dir='ltr'>multitudo</span> 
     </span>
     <span class='ocr_line' id='line_1_24' title="bbox 195 2698 1270 2783; baseline 0.002 -20"><span class='ocrx_word' id='word_1_173' title='bbox 195 2700 341 2765; x_wconf 90' lang='lat' dir='ltr'>insolens</span> <span class='ocrx_word' id='word_1_174' title='bbox 360 2701 440 2766; x_wconf 90' lang='lat' dir='ltr'>belli</span> <span class='ocrx_word' id='word_1_175' title='bbox 464 2700 681 2765; x_wconf 89' lang='lat' dir='ltr'>diuturnitate</span> <span class='ocrx_word' id='word_1_176' title='bbox 700 2699 767 2778; x_wconf 88' lang='lat' dir='ltr'>otii,</span> <span class='ocrx_word' id='word_1_177' title='bbox 791 2698 965 2765; x_wconf 84' lang='lat' dir='ltr'>Uticenses</span> <span class='ocrx_word' id='word_1_178' title='bbox 989 2719 1048 2783; x_wconf 88' lang='lat' dir='ltr'>pro</span> <span class='ocrx_word' id='word_1_179' title='bbox 1069 2698 1270 2782; x_wconf 86' lang='lat' dir='ltr'>quibusdam</span> 
     </span>
     <span class='ocr_line' id='line_1_25' title="bbox 197 2805 1270 2886; baseline 0.001 -16"><span class='ocrx_word' id='word_1_180' title='bbox 197 2806 351 2870; x_wconf 83' lang='lat' dir='ltr'>Caesaris</span> <span class='ocrx_word' id='word_1_181' title='bbox 380 2806 415 2871; x_wconf 92' lang='lat' dir='ltr'>in</span> <span class='ocrx_word' id='word_1_182' title='bbox 447 2829 483 2872; x_wconf 87' lang='lat' dir='ltr'>se</span> <span class='ocrx_word' id='word_1_183' title='bbox 514 2805 685 2872; x_wconf 88' lang='lat' dir='ltr'>beneficiis</span> <span class='ocrx_word' id='word_1_184' title='bbox 716 2805 764 2870; x_wconf 92' lang='lat' dir='ltr'>illi</span> <span class='ocrx_word' id='word_1_185' title='bbox 793 2805 999 2886; x_wconf 86' lang='lat' dir='ltr'>amicissimi,</span> <span class='ocrx_word' id='word_1_186' title='bbox 1024 2812 1209 2871; x_wconf 89' lang='lat' dir='ltr'>conventus</span> <span class='ocrx_word' id='word_1_187' title='bbox 1239 2807 1270 2872; x_wconf 86' lang='lat' dir='ltr'>is</span> 
     </span>
     <span class='ocr_line' id='line_1_26' title="bbox 197 2912 1268 2998; baseline 0.003 -21"><span class='ocrx_word' id='word_1_188' title='bbox 197 2912 253 2996; x_wconf 90' lang='lat' dir='ltr'>qui</span> <span class='ocrx_word' id='word_1_189' title='bbox 276 2935 316 2977; x_wconf 86' lang='lat' dir='ltr'>ex</span> <span class='ocrx_word' id='word_1_190' title='bbox 341 2913 442 2978; x_wconf 89' lang='lat' dir='ltr'>variis</span> <span class='ocrx_word' id='word_1_191' title='bbox 465 2913 644 2998; x_wconf 91' lang='lat' dir='ltr'>generibus</span> <span class='ocrx_word' id='word_1_192' title='bbox 667 2918 844 2993; x_wconf 89' lang='lat' dir='ltr'>constaret,</span> <span class='ocrx_word' id='word_1_193' title='bbox 861 2919 967 2978; x_wconf 89' lang='lat' dir='ltr'>terror</span> <span class='ocrx_word' id='word_1_194' title='bbox 982 2935 1023 2978; x_wconf 85' lang='lat' dir='ltr'>ex</span> <span class='ocrx_word' id='word_1_195' title='bbox 1038 2913 1268 2997; x_wconf 87' lang='lat' dir='ltr'>superioribus</span> 
     </span>
    </p>

    <p class='ocr_par' dir='ltr' id='par_1_9' title="bbox 160 3019 1271 3212">
     <span class='ocr_line' id='line_1_27' title="bbox 160 3019 1270 3106; baseline 0.009 -27"><span class='ocrx_word' id='word_1_196' title='bbox 160 3039 174 3080; x_wconf 85' lang='lat'>2</span> <span class='ocrx_word' id='word_1_197' title='bbox 196 3019 329 3102; x_wconf 89' lang='lat' dir='ltr'>proeliis</span> <span class='ocrx_word' id='word_1_198' title='bbox 353 3040 506 3104; x_wconf 83' lang='lat' dir='ltr'>magnus</span> <span class='ocrx_word' id='word_1_199' title='bbox 552 3019 665 3104; x_wconf 87' lang='lat' dir='ltr'>itaque</span> <span class='ocrx_word' id='word_1_200' title='bbox 689 3022 730 3084; x_wconf 91' lang='lat' dir='ltr'>de</span> <span class='ocrx_word' id='word_1_201' title='bbox 754 3020 919 3085; x_wconf 88' lang='lat' dir='ltr'>deditione</span> <span class='ocrx_word' id='word_1_202' title='bbox 939 3043 1056 3087; x_wconf 90' lang='lat' dir='ltr'>omnes</span> <span class='ocrx_word' id='word_1_203' title='bbox 1074 3021 1142 3086; x_wconf 87' lang='lat' dir='ltr'>iam</span> <span class='ocrx_word' id='word_1_204' title='bbox 1158 3023 1270 3106; x_wconf 86' lang='lat' dir='ltr'>palam</span> 
     </span>
     <span class='ocr_line' id='line_1_28' title="bbox 196 3126 1271 3212; baseline 0.005 -23"><span class='ocrx_word' id='word_1_205' title='bbox 196 3127 419 3211; x_wconf 89' lang='lat' dir='ltr'>loquebantur</span> <span class='ocrx_word' id='word_1_206' title='bbox 442 3132 475 3192; x_wconf 85' lang='lat' dir='ltr'>et</span> <span class='ocrx_word' id='word_1_207' title='bbox 498 3147 574 3193; x_wconf 87' lang='lat' dir='ltr'>cum</span> <span class='ocrx_word' id='word_1_208' title='bbox 597 3126 635 3196; x_wconf 82' lang='lat' dir='ltr'>P.</span> <span class='ocrx_word' id='word_1_209' title='bbox 659 3127 751 3192; x_wconf 82' lang='lat' dir='ltr'>Attio</span> <span class='ocrx_word' id='word_1_210' title='bbox 771 3129 927 3212; x_wconf 84' lang='lat' dir='ltr'>agebant,</span> <span class='ocrx_word' id='word_1_211' title='bbox 943 3149 985 3192; x_wconf 91' lang='lat' dir='ltr'>ne</span> <span class='ocrx_word' id='word_1_212' title='bbox 1008 3149 1071 3192; x_wconf 89' lang='lat' dir='ltr'>sua</span> <span class='ocrx_word' id='word_1_213' title='bbox 1086 3127 1271 3212; x_wconf 88' lang='lat' dir='ltr'>pertinacia</span> 
     </span>
    </p>

    <p class='ocr_par' dir='ltr' id='par_1_10' title="bbox 160 3232 1270 3731">
     <span class='ocr_line' id='line_1_29' title="bbox 160 3232 1269 3320; baseline 0.005 -25"><span class='ocrx_word' id='word_1_214' title='bbox 160 3251 173 3294; x_wconf 84' lang='lat'>3</span> <span class='ocrx_word' id='word_1_215' title='bbox 197 3232 343 3297; x_wconf 92' lang='lat' dir='ltr'>omnium</span> <span class='ocrx_word' id='word_1_216' title='bbox 357 3233 507 3298; x_wconf 83' lang='lat' dir='ltr'>fortunas</span> <span class='ocrx_word' id='word_1_217' title='bbox 526 3233 715 3316; x_wconf 89' lang='lat' dir='ltr'>perturbari</span> <span class='ocrx_word' id='word_1_218' title='bbox 730 3233 840 3299; x_wconf 89' lang='lat' dir='ltr'>vellet.</span> <span class='ocrx_word' id='word_1_219' title='bbox 879 3234 964 3300; x_wconf 87' lang='lat' dir='ltr'>haec</span> <span class='ocrx_word' id='word_1_220' title='bbox 984 3256 1061 3299; x_wconf 91' lang='lat' dir='ltr'>cum</span> <span class='ocrx_word' id='word_1_221' title='bbox 1078 3242 1269 3320; x_wconf 83' lang='lat' dir='ltr'>agerentur,</span> 
     </span>
     <span class='ocr_line' id='line_1_30' title="bbox 196 3340 1270 3428; baseline 0.005 -24"><span class='ocrx_word' id='word_1_222' title='bbox 196 3341 302 3404; x_wconf 87' lang='lat' dir='ltr'>nuntii</span> <span class='ocrx_word' id='word_1_223' title='bbox 325 3340 501 3424; x_wconf 91' lang='lat' dir='ltr'>praemissi</span> <span class='ocrx_word' id='word_1_224' title='bbox 517 3342 560 3405; x_wconf 94' lang='lat' dir='ltr'>ab</span> <span class='ocrx_word' id='word_1_225' title='bbox 575 3361 655 3425; x_wconf 89' lang='lat' dir='ltr'>rege</span> <span class='ocrx_word' id='word_1_226' title='bbox 674 3342 759 3406; x_wconf 90' lang='lat' dir='ltr'>Iuba</span> <span class='ocrx_word' id='word_1_227' title='bbox 771 3347 944 3422; x_wconf 85' lang='lat' dir='ltr'>venerunt,</span> <span class='ocrx_word' id='word_1_228' title='bbox 960 3342 1018 3428; x_wconf 92' lang='lat' dir='ltr'>qui</span> <span class='ocrx_word' id='word_1_229' title='bbox 1033 3342 1128 3407; x_wconf 92' lang='lat' dir='ltr'>illum</span> <span class='ocrx_word' id='word_1_230' title='bbox 1152 3345 1270 3410; x_wconf 88' lang='lat' dir='ltr'>adesse</span> 
     </span>
     <span class='ocr_line' id='line_1_31' title="bbox 197 3447 1270 3531; baseline 0.004 -20"><span class='ocrx_word' id='word_1_231' title='bbox 197 3468 272 3511; x_wconf 91' lang='lat' dir='ltr'>oum</span> <span class='ocrx_word' id='word_1_232' title='bbox 293 3447 425 3531; x_wconf 90' lang='lat' dir='ltr'>magnis</span> <span class='ocrx_word' id='word_1_233' title='bbox 441 3447 544 3531; x_wconf 92' lang='lat' dir='ltr'>oopiis</span> <span class='ocrx_word' id='word_1_234' title='bbox 562 3447 712 3513; x_wconf 88' lang='lat' dir='ltr'>dicerent</span> <span class='ocrx_word' id='word_1_235' title='bbox 730 3453 762 3513; x_wconf 91' lang='lat' dir='ltr'>et</span> <span class='ocrx_word' id='word_1_236' title='bbox 779 3448 820 3511; x_wconf 90' lang='lat' dir='ltr'>de</span> <span class='ocrx_word' id='word_1_237' title='bbox 836 3449 989 3514; x_wconf 88' lang='lat' dir='ltr'>custodia</span> <span class='ocrx_word' id='word_1_238' title='bbox 1012 3470 1052 3515; x_wconf 85' lang='lat' dir='ltr'>ao</span> <span class='ocrx_word' id='word_1_239' title='bbox 1075 3449 1270 3515; x_wconf 85' lang='lat' dir='ltr'>defensione</span> 
     </span>
     <span class='ocr_line' id='line_1_32' title="bbox 195 3552 1268 3641; baseline 0.007 -25"><span class='ocrx_word' id='word_1_240' title='bbox 195 3552 287 3617; x_wconf 92' lang='lat' dir='ltr'>urbis</span> <span class='ocrx_word' id='word_1_241' title='bbox 309 3553 530 3623; x_wconf 91' lang='lat' dir='ltr'>hortarentur.</span> <span class='ocrx_word' id='word_1_242' title='bbox 579 3575 664 3639; x_wconf 90' lang='lat' dir='ltr'>quae</span> <span class='ocrx_word' id='word_1_243' title='bbox 692 3576 746 3620; x_wconf 90' lang='lat' dir='ltr'>res</span> <span class='ocrx_word' id='word_1_244' title='bbox 770 3576 885 3621; x_wconf 88' lang='lat' dir='ltr'>eorum</span> <span class='ocrx_word' id='word_1_245' title='bbox 917 3558 1108 3641; x_wconf 89' lang='lat' dir='ltr'>perterritos</span> <span class='ocrx_word' id='word_1_246' title='bbox 1138 3559 1268 3624; x_wconf 87' lang='lat' dir='ltr'>animos</span> 
     </span>
     <span class='ocr_line' id='line_1_33' title="bbox 197 3660 415 3731; baseline 0.009 -7"><span class='ocrx_word' id='word_1_247' title='bbox 197 3660 415 3731; x_wconf 87' lang='lat' dir='ltr'>confirmavit.</span> 
     </span>
    </p>
   </div>
   <div class='ocr_carea' id='block_1_3' title="bbox 161 3767 1266 3850">
    <p class='ocr_par' dir='ltr' id='par_1_11' title="bbox 161 3767 1266 3850">
     <span class='ocr_line' id='line_1_34' title="bbox 161 3767 1266 3850; baseline 0.005 -20"><span class='ocrx_word' id='word_1_248' title='bbox 161 3788 172 3830; x_wconf 94' lang='lat'>1</span> <span class='ocrx_word' id='word_1_249' title='bbox 287 3767 462 3834; x_wconf 89' lang='lat' dir='ltr'>XXXVII.</span> <span class='ocrx_word' id='word_1_250' title='bbox 493 3769 741 3837; x_wconf 88' lang='lat' dir='ltr'>Nuntiabantur</span> <span class='ocrx_word' id='word_1_251' title='bbox 763 3770 849 3846; x_wconf 87' lang='lat' dir='ltr'>haec</span> <span class='ocrx_word' id='word_1_252' title='bbox 876 3771 992 3835; x_wconf 87' lang='lat' dir='ltr'>eadem</span> <span class='ocrx_word' id='word_1_253' title='bbox 1020 3769 1172 3850; x_wconf 87' lang='lat' dir='ltr'>Curioni,</span> <span class='ocrx_word' id='word_1_254' title='bbox 1206 3774 1266 3835; x_wconf 88' lang='lat' dir='ltr'>sed</span> 
     </span>
    </p>
   </div>
   <div class='ocr_carea' id='block_1_4' title="bbox 0 0 1388 4200">
    <p class='ocr_par' dir='ltr' id='par_1_12' title="bbox 0 0 1388 4200">
     <span class='ocr_line' id='line_1_35' title="bbox 0 0 1388 4200; baseline 0 2"><span class='ocrx_word' id='word_1_255' title='bbox 0 0 1388 4200; x_wconf 95' lang='lat' dir='ltr'> </span> 
     </span>
    </p>
   </div>
  </div>
 </body>
</html>
