2768 4200
188 213 223 267 82
547 218 599 272 DE
618 219 744 276 BELLO
765 221 888 278 CIVILI

189 400 280 442 nunc
314 380 528 460 considerent,
553 385 742 449 necessario
768 387 882 470 populi
913 397 1114 474 senatusque
1136 391 1265 458 iudicio

139 500 165 541 1⁰
188 488 257 550 fore
280 493 458 571 utrumque
482 495 684 555 contentum.
734 491 832 583 [haec
856 516 920 578 quo
944 495 1076 559 facilius
1099 496 1264 582 Pompeio

186 593 320 676 probari
339 601 485 677 possent,
509 617 625 661 omnes
642 619 720 662 suas
739 607 911 666 terrestres
928 602 1127 686 urbiumque
1144 605 1265 687 copias

187 697 425 790 dimissurum]

152 823 163 863 1
275 808 335 873 XI.
361 809 527 874 Vibullius
556 813 728 894 expositus
763 814 931 901 Corcyrae
961 839 1027 881 non
1063 816 1174 882 minus
1200 841 1262 884 ne-

186 915 369 980 cessarium
393 938 467 981 esse
497 917 701 985 existimavit
729 921 771 985 de
806 922 976 1005 repentino
1000 926 1148 988 adventu
1172 925 1264 991 Cae·

186 1021 270 1086 saris
293 1022 490 1107 Pompeium
514 1024 585 1090 fieri
602 1025 788 1105 certiorem,
805 1027 853 1091 uti
878 1029 921 1092 ad
944 1029 979 1093 id
1003 1029 1181 1095 consilium
1202 1053 1264 1096 ca-

184 1149 263 1210 pere
275 1138 397 1212 posset,
413 1152 515 1214 quam
530 1133 571 1197 de
590 1133 757 1198 mandatis
774 1134 844 1217 agi;
861 1140 960 1218 atque
971 1134 1046 1201 ideo
1065 1137 1262 1204 continuato

184 1242 279 1301 nocte
303 1259 344 1300 ac
367 1237 420 1302 (lie
446 1239 562 1303 itinero
579 1246 679 1323 atque
703 1242 859 1306 omnibus
878 1242 1032 1326 hospitiis
1056 1246 1195 1311 mutatis
1213 1250 1261 1312 ad

183 1344 386 1409 celeritatem
405 1343 561 1408 iumentis
588 1347 633 1409 ad
651 1345 847 1430 Pompeium
872 1350 1052 1428 contendit,
1078 1357 1113 1414 ut
1136 1353 1259 1418 adesse

145 1466 159 1507 ‘2
182 1451 361 1517 Caesarem
377 1451 554 1515 nuntiaret.
597 1453 776 1537 Pompeius
793 1460 864 1518 erat
883 1475 921 1518 eo
945 1462 1092 1538 tempore
1110 1458 1144 1521 in
1162 1459 1258 1524 Can-

182 1557 283 1623 davia
297 1557 425 1641 iterque
444 1579 484 1621 ex
499 1557 696 1624 Macedonia
714 1560 750 1624 in
767 1560 909 1625 hiberna
931 1563 1145 1644 Apolloniam
1169 1567 1258 1653 Dyr·

180 1666 398 1750 rachiumque
420 1665 577 1730 habebat.
622 1669 682 1731 sed
705 1689 740 1732 re
764 1689 853 1732 nova
879 1671 1093 1752 perturbatus
1117 1673 1257 1739 maiori-

180 1777 244 1840 bus
267 1775 440 1840 itineribus
457 1774 669 1856 Apolloniam
693 1783 805 1857 petere
820 1774 939 1858 coepit,
964 1797 1006 1839 ne
1025 1776 1151 1842 Caesar
1174 1801 1256 1847 orae

143 1896 156 1935 o
182 1882 365 1947 maritimae
382 1881 535 1947 civitates
550 1888 738 1964 oocuparet.
774 1890 808 1948 at
833 1883 888 1948 ille
912 1883 1071 1966 expositis
1091 1885 1257 1952 militibus

180 1990 296 2054 eodem
320 1990 373 2054 die
397 1987 536 2054 Oricum
560 1986 787 2070 proficiscitur.
836 2009 900 2072 quo
925 2010 1002 2053 cum
1027 1990 1190 2071 venisset,
1214 1993 1254 2058 L.

179 2097 388 2180 Torquatum
420 2096 477 2180 qui
509 2096 603 2160 iussu
624 2095 764 2178 Pompei
798 2095 919 2180 oppido
942 2102 1096 2179 praeerat
1123 2101 1254 2179 praesi-

178 2203 336 2286 diumque
359 2201 406 2266 ibi
429 2201 667 2266 Parthinorum
690 2200 846 2279 habebat,
871 2207 1009 2265 conatus
1033 2199 1136 2285 portis
1155 2202 1252 2268 clau-

177 2309 223 2374 sis
246 2308 406 2393 oppidum
430 2310 608 2373 defendere
637 2329 715 2371 oum
739 2307 886 2373 Graecos
910 2329 1043 2372 murum
1067 2312 1253 2376 ascendere

139 2432 151 2472 4
177 2423 276 2502 atque
295 2439 389 2482 arma
412 2439 531 2501 capere
555 2418 693 2495 iuberet,
713 2415 760 2479 illi
781 2421 892 2480 autem
909 2437 944 2481 se
964 2429 1080 2481 contra
1101 2417 1250 2501 impera-

175 2531 279 2588 torem
303 2523 416 2608 populi
434 2522 575 2586 Romani
590 2527 799 2605 pugnaturos
816 2531 988 2606 negarent,
1012 2523 1171 2607 oppidani
1188 2547 1252 2591 au·

78 2677 81 2682 -
174 2643 241 2700 tem
273 2634 374 2698 etiam
409 2653 471 2697 sua
501 2638 617 2715 sponte
645 2629 824 2695 Caesarem
856 2631 1004 2715 recipere
1037 2640 1250 2714 conarentur,

173 2741 356 2826 desperatis
380 2739 534 2804 omnibus
566 2737 697 2802 auxiliis
732 2744 847 2820 portas
871 2737 1001 2820 aperuit
1025 2745 1058 2803 et
1087 2760 1123 2804 se
1147 2747 1251 2825 atque

173 2850 332 2935 oppidum
361 2845 497 2914 Caesari
531 2844 657 2909 dedidit
690 2843 932 2929 incolumisque
967 2845 1010 2909 ab
1045 2866 1082 2909 eo
1112 2868 1250 2912 conser-

172 2965 271 3023 vatus
296 2964 355 3023 ost.

138 3089 147 3129 1
261 3066 338 3129 XII.
361 3065 506 3146 Recepto
533 3060 659 3125 Caesar
682 3059 782 3125 Orico
807 3060 900 3123 nulla
922 3059 1117 3144 interposita
1151 3083 1247 3126 mora

171 3170 384 3255 Apolloniam
402 3167 633 3253 proficiscitur.
669 3167 740 3233 eius
760 3167 907 3233 adventu
931 3168 1044 3234 audito
1067 3168 1105 3232 L.
1131 3168 1248 3234 Stabe

169 3280 248 3364 rius,
274 3276 331 3361 qui
346 3276 392 3341 ibi
408 3281 570 3359 praeerat,
590 3294 713 3359 aquam
727 3280 937 3357 comportare
956 3275 990 3338 in
1009 3296 1119 3339 arcem
1144 3281 1246 3360 atque

170 3408 244 3451 eam
260 3384 390 3450 munire
407 3383 606 3466 obsidesque
623 3384 666 3446 ab
681 3380 951 3464 Apolloniatibus
970 3381 1104 3466 exigere
1121 3384 1243 3467 coepit.

132 3516 145 3557 a
168 3493 216 3557 illi
233 3513 312 3557 vero
329 3493 465 3555 daturos
480 3511 516 3554 se
532 3510 656 3572 negare
675 3509 783 3572 neque
801 3494 914 3572 portas
938 3490 1066 3554 consuli
1085 3491 1243 3573 praeclu-

168 3622 262 3665 suros
278 3621 386 3684 neque
402 3597 465 3663 sibi
483 3596 644 3661 iudicium
668 3600 857 3678 sumpturos
881 3603 997 3662 contra
1015 3602 1115 3680 atque
1131 3598 1242 3663 omnis

131 3728 145 3771 a
167 3707 265 3772 Italia
280 3706 491 3790 populusque
509 3705 679 3768 Romanus
698 3700 927 3767 iudicavisset.
945 3723 1084 3786 quorum
1105 3703 1242 3787 cognita

167 3814 338 3880 voluntate
363 3812 450 3878 clam
466 3811 613 3897 profugit
631 3809 807 3895 Apollonia
823 3810 1003 3876 Staberius.
1027 3809 1075 3874 illi
1090 3812 1133 3876 ad
1152 3811 1241 3877 an-
