2768 4200
442 222 566 278 Coun.
586 223 624 276 Il.
645 222 730 277 CAP.
749 221 882 276 VII-X.
1162 219 1196 274 53

126 393 189 456 bus
211 391 346 475 lutoque
370 394 632 467 constraverunt,
664 410 706 452 ne
739 387 816 472 quid
848 387 938 471 ignis
964 387 1112 452 hostium
1135 409 1196 451 no-

126 519 200 562 cere
223 503 345 581 posset,
369 501 592 578 centonesque
616 494 752 578 insuper
767 493 961 574 iniecerunt,
984 516 1026 558 ne
1050 501 1107 559 aut
1129 494 1197 559 tela

125 603 298 669 tormentis
332 603 437 668 missa
470 603 656 667 tabulatum
680 601 930 686 perfringerent,
959 607 1018 666 aut
1051 622 1133 666 saxa
1156 624 1197 666 ex

127 709 305 793 catapultis
328 708 514 774 latericium
537 708 753 773 discuterent.
800 707 919 772 storias
943 714 1054 774 autem
1079 730 1120 772 ex
1142 709 1196 772 su·
1220 723 1233 763 4

126 816 224 880 nibus
248 816 431 880 ancorariis
464 823 533 880 tres
567 815 601 879 in
624 815 866 898 longitudinem
899 815 1062 898 parietum
1096 815 1196 880 turris

125 925 211 989 latas
233 925 282 989 IV
300 926 402 1009 pedes
420 925 573 989 lecerunt
596 944 719 1007 easque
742 945 783 987 ex
805 924 913 988 tribus
933 923 1094 1006 partibus,
1110 944 1197 1008 quae

126 1033 170 1095 ad
193 1032 306 1096 hostes
329 1032 525 1115 vergebant,
549 1030 770 1095 eminentibus
799 1031 949 1095 trabibus
974 1030 1100 1095 circum
1124 1037 1195 1095 tur-

126 1136 188 1199 rim
212 1136 474 1219 praependentes
492 1133 727 1218 religaverunt,
751 1136 841 1218 quod
855 1155 960 1197 unum
977 1154 1084 1217 genus
1108 1134 1194 1217 tegi-

126 1240 229 1305 menti
253 1240 326 1304 aliis
348 1239 430 1304 locis
455 1246 548 1304 crant
572 1239 698 1323 experti
713 1240 804 1304 nullo
822 1240 886 1303 telo
905 1262 1013 1324 neque
1033 1244 1195 1304 tormento

124 1347 261 1412 transici
283 1368 389 1430 posse.
436 1347 494 1411 ubi
516 1368 597 1410 vero
620 1369 660 1411 ea
683 1367 761 1430 pars
783 1347 892 1427 terrie,
916 1367 1003 1431 quae
1027 1351 1098 1410 erut
1120 1367 1195 1428 per·
1218 1363 1232 1402 5

125 1457 223 1530 lecta,⁴
247 1462 335 1520 tecta
369 1462 469 1539 atque
504 1454 633 1518 munita
666 1461 716 1518 cst
744 1456 786 1518 ab
818 1452 906 1517 omni
940 1452 1008 1517 ictu
1036 1451 1194 1530 hostium,

125 1563 255 1644 pluteos
282 1562 415 1628 adalia
439 1584 539 1646 opera
563 1563 782 1640 abduxerunt,
806 1560 906 1625 turris
929 1565 1054 1624 tectum
1078 1580 1195 1641 perse
1224 1624 1225 1627 ,

124 1672 233 1752 ipsum
264 1670 491 1752 pressionibus
522 1692 563 1734 ex
587 1668 833 1752 contignatione
860 1667 968 1751 prima
992 1668 1196 1750 suspendere

125 1799 165 1840 ac
188 1777 302 1841 tollere
327 1784 514 1860 coeperunt.
562 1775 630 1856 ubi,
655 1781 814 1859 quantum
834 1773 1012 1838 storiarum
1036 1772 1232 1837 demissior

124 1882 321 1963 patiebatur,
345 1887 475 1946 tantum
499 1881 681 1959 elevarant,
710 1879 797 1943 intra
819 1879 904 1943 haec
927 1879 1110 1961 tegimenta
1132 1880 1212 1943 ab·-

126 1988 185 2051 diti
204 1996 304 2072 atque
321 1987 440 2052 muniti
453 1988 596 2071 parietes
612 1988 774 2053 lateribus
789 1989 1001 2052 exstruebant
1012 2009 1193 2073 rursusque

126 2094 192 2157 alia
214 2094 383 2177 pressione
408 2096 450 2159 ad
474 2095 718 2159 aedificandum
744 2095 808 2159 sibi
825 2095 938 2159 locum
962 2095 1192 2178 expediebant.

125 2200 182 2265 ubi
201 2206 333 2285 tempus
351 2201 487 2265 alterius
501 2201 778 2266 contabulationis
801 2201 986 2282 videbatur,
1004 2202 1098 2287 tigna
1113 2202 1193 2266 item
1215 2217 1229 2259 7

125 2308 161 2365 ut
184 2303 291 2385 primo
315 2308 403 2367 tecta
426 2303 582 2367 extremis
605 2303 765 2368 lateribus
789 2303 998 2367 instruebant
1020 2324 1129 2388 exque
1153 2325 1193 2369 ea

123 2409 370 2494 contignatione
386 2432 500 2475 rursus
512 2432 678 2476 summam
691 2411 992 2475 contabulationem
1006 2412 1192 2497 storiasque

124 2518 310 2589 elevabant.
358 2518 405 2583 ita
423 2524 494 2584 tuto
513 2540 553 2583 ac
572 2519 643 2583 sine
659 2517 726 2582 ullo
750 2517 888 2583 vulnere
912 2539 951 2583 ac
966 2520 1114 2603 periculo
1134 2542 1192 2587 sex
1215 2538 1229 2579 8

121 2626 273 2690 tabulata
289 2631 521 2690 exstruxerunt
538 2627 778 2710 fenestrasque,
794 2628 916 2712 quibus
932 2628 967 2692 in
982 2629 1064 2692 loeis
1079 2629 1190 2694 visum

122 2737 182 2811 est,
206 2733 249 2796 ad
272 2738 436 2798 tormenta
459 2734 623 2799 mittenda
644 2734 679 2798 in
702 2737 857 2799 struendo
880 2737 1091 2819 reliquerunt.

211 2837 254 2901 X.
279 2839 346 2903 Ubi
369 2861 409 2903 ex
427 2861 467 2903 ea
486 2840 577 2919 turri,
597 2861 681 2923 quae
706 2841 831 2905 circum
848 2847 958 2905 essent
977 2862 1087 2924 opera,
1106 2841 1191 2906 tucri
1216 2863 1226 2902 1

123 2962 158 3003 se
181 2963 278 3024 posse
302 2953 380 3008 sunt
402 2946 531 3023 confisi,
559 2946 748 3010 musculum
772 2949 874 3030 pedes
904 2947 966 3010 LX
990 2949 1126 3031 longum
1151 2970 1191 3012 ex

122 3048 261 3112 materia
277 3049 434 3132 bipedali,
450 3071 547 3133 quem
568 3073 588 3114 a
611 3052 693 3115 turri
715 3052 863 3116 latericia
887 3055 931 3116 ad
948 3053 1094 3118 hostium
1119 3060 1189 3120 tur-

121 3153 183 3218 rim
208 3176 407 3239 murumque
437 3160 666 3241 perducerent,
690 3159 800 3223 tacere
822 3159 1046 3224 instituerunt.
1094 3162 1190 3226 cuius

120 3262 264 3326 musculi
287 3262 371 3326 haec
394 3269 463 3327 crat
486 3264 603 3327 forma.
650 3265 735 3327 duae
759 3263 903 3346 primurn
927 3266 1039 3330 trabes
1062 3266 1096 3330 in
1120 3267 1189 3331 solo
1212 3289 1226 3328 e

120 3390 226 3453 aeque
249 3369 368 3452 longae
396 3369 557 3435 distantes
587 3371 673 3434 inter
702 3392 738 3434 se
762 3373 864 3454 pedes
892 3373 940 3436 IV
975 3374 1188 3454 collocantur,

117 3475 219 3560 inque
241 3475 283 3539 iis
307 3475 502 3542 columellae
532 3480 656 3561 pedum
688 3478 724 3542 in
748 3477 957 3546 altitudinem
981 3482 1011 3545 V
1035 3481 1187 3566 defigun-

117 3595 181 3647 tur.
228 3583 290 3648 has
314 3583 399 3648 inter
422 3606 457 3649 se
492 3586 653 3669 capreolis
685 3587 775 3652 molli
805 3586 941 3672 fastigio
972 3589 1224 3673 coniungunt,3

118 3689 176 3752 ubi
199 3688 302 3774 tigna,
336 3712 422 3774 quae
454 3693 597 3758 musculi
625 3694 760 3777 tegendi
790 3714 893 3758 causa
923 3702 1055 3777 ponant,
1084 3697 1186 3761 collo-

119 3803 241 3860 centur.
290 3819 328 3861 eo
347 3820 448 3882 super
467 3800 559 3883 tigna
578 3800 747 3884 bipedalia
766 3799 906 3866 iniciunt
930 3810 1029 3886 atque
1052 3803 1190 3868 laminis
