2768 4200
320 198 440 257 COMM.
460 201 482 255 Ι.
503 200 586 255 cnP.
606 199 929 254 XXXIII-XXXVII.
1121 199 1155 255 21

83 384 171 447 quae
194 364 238 427 ad
261 385 376 429 eorum
399 364 568 428 sanandas
587 369 718 429 mentes
736 362 903 447 pertinere
922 361 1155 442 arbitrabatur,
1195 352 1197 356 ’

83 476 332 541 commemorat.
379 470 474 535 cuius
505 469 688 535 orationem
717 470 818 554 legati
850 471 988 534 domum
1011 471 1157 536 referunt
1193 488 1207 527 3

83 585 184 665 atque
203 602 243 644 ex
259 578 455 644 auctoritate
478 578 563 642 haec
581 576 719 642 Caesari
736 576 948 642 renuntiant:
967 578 1158 662 intellegere

84 707 121 752 se
140 686 287 751 divisum
306 706 378 750 csse
397 683 557 769 populum
575 683 764 748 Romanum
776 683 810 746 in
829 689 941 767 partes
956 684 1050 754 duas.
1096 708 1157 750 ne-

84 816 149 878 que
165 793 217 858 sui
235 791 351 856 iudicii
363 812 469 874 neque
488 810 625 854 suarum
644 811 718 855 esse
731 789 855 854 virium
871 789 1067 870 discernere,
1084 797 1158 857 utra

84 922 162 985 pars
181 899 352 964 iustiorem
375 898 499 961 habeat
521 916 669 960 causam.
716 897 884 981 principes
900 919 979 961 vero
1003 918 1077 963 esse
1100 918 1157 962 ea·
1195 914 1209 953 ⁴

84 1030 159 1071 rum
183 1007 329 1090 partium
352 1004 414 1068 Cn.
437 1001 635 1087 Pompeium
659 1009 691 1069 et
715 1003 753 1070 C.
786 1004 975 1075 Caesarem,
999 1010 1158 1087 patronos

85 1110 252 1189 civitatis3
276 1130 416 1194 quorum
440 1108 524 1175 alter
554 1129 652 1192 agros
674 1109 854 1175 Volcarum
885 1109 1158 1174 Arecomicorum

86 1222 120 1282 et
137 1216 331 1287 Helviorum
359 1216 491 1301 publice
520 1215 562 1280 iis
593 1216 802 1297 concesserit,
826 1217 910 1282 alter
941 1216 1027 1281 bello
1050 1216 1157 1282 victas

86 1321 215 1388 Gallias
238 1321 424 1387 attribuerit
442 1321 687 1406 vectigaliaque
710 1322 847 1388 auxerit.
894 1343 997 1407 quare
1020 1322 1158 1406 paribus
1194 1343 1209 1383 5

86 1451 201 1496 eorum
234 1429 404 1494 beneficiis
427 1450 542 1514 parem
566 1440 757 1514 aequoque
781 1430 989 1494 voluntatem
1012 1429 1158 1494 tribuere

85 1538 207 1602 debere
226 1543 258 1602 et
277 1543 432 1602 neutrum
448 1556 563 1602 eorum
580 1543 697 1600 contra
711 1537 852 1600 alterum
871 1534 987 1599 iuvare
1006 1541 1064 1599 aut
1075 1537 1160 1599 urbe

85 1651 143 1710 aut
165 1644 316 1728 portibus
334 1643 491 1727 recipere.

175 1753 334 1823 XXXVI,
352 1754 444 1817 llaec
464 1753 545 1816 dum
562 1751 721 1817 intereos
741 1756 896 1834 aguntur,
914 1750 1082 1836 Domitius
1097 1773 1158 1816 na·
1196 1769 1206 1810 1

85 1861 184 1924 vibus
195 1859 381 1925 Massiliam
400 1858 552 1943 pervenit
569 1864 669 1942 atque
689 1860 732 1922 ab
748 1857 789 1921 iis
804 1863 957 1941 receptus
970 1858 1044 1922 urbi
1060 1879 1158 1943 prae-

85 1967 207 2045 licitur;
231 1987 363 2030 summa
394 1967 425 2030 ei
449 1965 528 2030 belli
552 1964 807 2030 administrandi
830 1965 1038 2048 permittitur.
1087 1966 1158 2030 eius
1194 1983 1209 2023 ‘3

86 2072 224 2156 imperio
248 2074 392 2139 classem
416 2094 667 2158 quoqueversus
691 2073 874 2150 dimittunt3
904 2074 1072 2139 onerarias
1096 2096 1158 2139 na·

86 2202 155 2260 ves,
180 2201 265 2266 quas
284 2182 407 2266 ubique
438 2190 586 2267 possunt,
616 2182 871 2266 deprehendunt
899 2189 999 2267 atque
1022 2184 1056 2249 in
1080 2207 1157 2269 por·

85 2295 156 2354 tum
180 2289 358 2368 deducunt,
388 2310 507 2373 parum
541 2289 646 2354 clavis
671 2295 729 2354 aut
752 2288 891 2354 materia
922 2297 1023 2374 atque
1046 2312 1158 2357 arma-

85 2395 206 2461 mentis
237 2395 408 2462 instructis
439 2398 482 2461 ad
511 2396 658 2480 reliquas
687 2397 867 2461 armandas
895 2397 1158 2481 reficiendasque

86 2511 245 2585 utuntur;
268 2504 428 2570 frumenti
451 2506 541 2589 quod
556 2505 730 2570 inventum
750 2515 801 2570 est
824 2504 858 2568 in
881 2505 1053 2589 publicum
1076 2527 1158 2570 con-
1194 2535 1210 2576 3

86 2613 218 2692 lerunt3
242 2613 387 2696 reliquas
415 2633 543 2678 merces
573 2618 845 2697 commeatusque
876 2614 920 2682 ad
948 2613 1156 2678 obsidionem

36 2736 39 2742 ’
86 2719 188 2798 urbis,
211 2719 241 2784 si
273 2720 416 2799 accidat,
435 2727 627 2806 {reservant
675 2721 796 2803 quibus
829 2720 960 2784 iniuriis
989 2727 1158 2803 permotus
1194 2749 1207 2789 r

86 2824 210 2889 Caesar
227 2826 374 2909 legiones
391 2832 456 2890 tres
476 2825 661 2891 Massiliam
678 2827 814 2891 adducit
827 2850 835 2904 3
850 2834 958 2892 turres
974 2827 1157 2910 vineasque

86 2932 130 2994 ad
152 2933 431 3016 oppugnationem
448 2932 543 2997 urbis
560 2954 670 3015 agere,
687 2953 791 2996 naves
807 2932 925 3015 longas
942 2933 1077 2997 Arelate
1093 2955 1157 2997 nu-

86 3058 176 3101 mero
200 3039 267 3103 XlI
301 3041 411 3104 lacere
440 3040 593 3104 instituit.
641 3039 763 3122 quibus
796 3037 922 3102 effectis
953 3037 1157 3121 armatisque
1193 3072 1208 3113 5

86 3146 204 3211 diebus
227 3147 337 3226 XXX,
361 3170 381 3211 a
404 3169 472 3232 qua
495 3147 548 3212 die
571 3147 712 3212 materia
735 3167 834 3211 caesa
858 3153 917 3225 est,
940 3147 1159 3231 adductisque

85 3253 269 3320 Massiliam
294 3255 335 3319 iis
358 3256 398 3320 I).
424 3255 563 3318 Brutum
589 3253 754 3338 praeficit;
779 3254 816 3317 C.
837 3253 1038 3318 Trebonium
1062 3253 1157 3337 lega-

85 3369 155 3429 tum
181 3364 224 3427 ad
247 3362 529 3447 oppugnationem
552 3361 721 3426 Massiliae
744 3360 911 3447 relinquit.

174 3469 350 3534 XXXVII.
367 3470 455 3534 Dum
469 3469 555 3535 haec
570 3474 666 3553 parat
685 3474 785 3552 atque
798 3469 1018 3548 administrat,
1034 3468 1071 3533 C.
1091 3468 1157 3532 Fa·
1194 3501 1205 3541 1

84 3576 177 3642 bium
192 3578 339 3662 legatum
357 3599 435 3642 oum
450 3576 636 3661 legionibus
660 3576 720 3657 Ill,
736 3597 820 3661 quas
835 3576 989 3641 Narbone
1013 3575 1157 3640 circum-

85 3704 150 3766 que
173 3705 213 3749 ea
236 3686 310 3749 loca
332 3684 505 3751 hiemandi
528 3705 632 3749 eausa
655 3683 873 3768 disposuerat,
898 3683 934 3747 in
957 3683 1157 3766 Hispaniam

85 3790 269 3873 praemittit
292 3792 507 3875 celeriterque
531 3791 636 3856 saltus
652 3790 843 3876 Pyrenaeos
866 3809 1031 3872 occupare
1053 3789 1167 3862 iubet,
