2768 4200
343 204 463 261 COMM.
483 205 522 260 ΙΙ.
544 204 628 260 ΟΑΡ.
648 204 920 260 XXXVIII-XLI.
1128 205 1163 259 73

90 365 267 446 submittit;
286 365 357 451 ipse
373 387 450 431 cum
466 365 603 450 reliquis
621 364 725 450 copiis
742 363 994 449 elephantisque
1013 364 1074 429 LX
1090 364 1163 428 leu—
1188 384 1205 425 e

89 472 158 536 tius
173 472 397 557 subsequitur.
443 473 632 556 suspicatus
648 472 841 557 praemissis
865 471 1031 555 equitibus
1054 471 1163 557 ipsum
1189 492 1206 533 a

91 581 193 644 affore
208 579 398 660 Curionem,
417 579 564 644 Saburra
582 578 696 664 copias
714 579 863 664 equitum
880 579 1094 663 peditumque
1111 578 1165 643 in·

90 687 188 752 struit
210 693 310 771 atque
328 687 381 750 his
403 686 553 770 imperat,
569 693 606 751 ut
621 686 830 751 simulatione
853 686 979 751 timoris
1002 685 1164 770 paulatim

91 796 213 860 cedant
231 817 272 860 ao
295 797 413 879 pedem
437 795 597 874 referant3
621 815 703 875 sese,
720 816 797 859 cum
813 815 896 878 opus
919 800 1016 874 esset,
1030 793 1164 878 siguum

91 901 208 988 proelii
231 904 386 967 daturum
410 907 452 981 et,
476 903 567 986 quod
584 922 654 966 rem
678 901 847 984 postulare
864 901 1086 985 cognovisset,
1101 900 1165 965 im-

91 1015 294 1093 peraturum.
342 1007 442 1073 Curio
462 1009 505 1072 ad
521 1006 727 1090 superiorem
750 1027 845 1091 spem
869 1006 983 1071 addita
1005 1027 1165 1091 praesen·
1190 1024 1207 1064 e

91 1120 135 1184 tis
157 1116 316 1201 temporis
338 1116 494 1200 opinione
516 1115 629 1180 hostes
653 1116 768 1199 lugere
791 1113 973 1180 arbitratus
997 1114 1110 1198 copias
1126 1135 1166 1177 ex

91 1229 176 1295 locis
199 1226 425 1312 superioribus
445 1226 479 1290 in
504 1247 661 1310 campum
685 1223 831 1290 deducit.

182 1335 271 1400 XLI.
296 1333 425 1416 Quibus
445 1335 480 1399 in
503 1334 587 1398 loeis
605 1355 683 1399 cum
698 1332 833 1417 longius
849 1337 938 1397 esset
961 1351 1167 1416 progressus
1193 1345 1204 1386 1

94 1443 246 1509 coniecto
268 1442 336 1507 iam
359 1443 474 1507 labore
505 1440 652 1508 exercitu
682 1440 764 1504 XVI
787 1438 917 1504 milium
950 1438 1058 1523 spatio
1087 1459 1167 1504 con-

94 1548 186 1613 stitit.
232 1549 290 1611 dat
312 1547 383 1612 suis
406 1547 541 1632 signum
557 1546 716 1618 Saburra,
735 1545 843 1610 aciem
867 1543 1039 1610 coustituit
1054 1550 1088 1609 et
1102 1543 1167 1608 cir·
1191 1559 1209 1600 ‘z

94 1657 220 1722 cumire
244 1656 378 1721 ordines
401 1662 501 1740 atque
516 1654 643 1719 hortari
662 1654 797 1738 incipit;
821 1654 880 1718 sed
895 1653 1046 1737 peditatu
1069 1652 1168 1716 dum-

94 1770 187 1829 taxat
208 1762 324 1846 proeul
341 1764 384 1826 ad
401 1760 546 1846 speciem
563 1762 675 1840 utitur,
694 1760 823 1845 equites
837 1759 873 1823 in
888 1758 995 1824 aciem
1011 1758 1167 1823 immittit.

94 1893 161 1935 non
184 1871 278 1934 deest
299 1868 434 1953 negotio
458 1867 559 1933 Curio
578 1887 724 1950 suosque
747 1866 908 1945 hortatur,
924 1872 962 1930 ut
976 1885 1072 1948 spem
1095 1884 1167 1928 om·
1192 1879 1211 1922 a

96 1999 171 2042 nem
195 1976 230 2040 in
261 1976 383 2040 virtute
410 1978 582 2058 reponant.
630 1995 671 2037 ne
695 1973 856 2038 militibus
880 1971 1016 2058 quidem
1049 1976 1086 2036 ut
1109 1973 1168 2037 de-

97 2083 195 2148 fessis
225 2104 334 2167 neque
367 2081 535 2166 equitibus
568 2085 606 2145 ut
639 2080 758 2164 paucis
794 2086 827 2146 et
859 2081 973 2146 labore
1008 2079 1169 2145 confectis

97 2189 245 2254 studium
268 2189 313 2252 ad
334 2189 552 2273 pugnandum
585 2187 757 2272 virtusque
781 2189 911 2268 deerat;
936 2188 995 2253 sed
1018 2187 1055 2252 hi
1077 2194 1171 2253 erant

96 2316 234 2360 numero
262 2293 329 2375 Co,
360 2294 479 2378 reliqui
508 2294 543 2359 in
572 2294 689 2359 itinere
716 2297 943 2362 substiterant..
990 2296 1026 2360 hi
1049 2306 1208 2382 quam-4

96 2424 240 2487 cumque
263 2402 298 2468 in
320 2407 450 2487 partem
466 2401 625 2488 impetum
642 2403 800 2484 fecerant,
819 2404 933 2469 hostes
956 2403 1029 2468 loco
1053 2404 1171 2469 cedere

98 2511 280 2594 cogebant,
319 2509 379 2574 sed
407 2530 515 2594 neque
549 2510 684 2594 longius
718 2511 885 2596 fugientes
917 2511 1076 2596 prosequi
1107 2531 1170 2574 nec

96 2615 327 2681 vehementius
359 2636 463 2701 equos
485 2614 625 2681 incitare
648 2622 812 2701 poterant.
859 2623 894 2681 at
917 2615 1086 2703 equitatus
1108 2616 1171 2679 ho·
1194 2641 1212 2680 e

97 2723 198 2787 stium
228 2725 271 2788 ab
305 2729 446 2808 utroque
478 2744 583 2789 cornu
617 2723 794 2789 circumire
831 2722 938 2787 aciem
967 2727 1172 2787 nostramet

98 2849 236 2896 aversos
258 2836 426 2915 proterere
447 2829 573 2914 incipit.
620 2852 697 2895 cum
714 2830 867 2895 cohortes
891 2850 932 2892 ex
956 2827 1027 2892 acie
1050 2849 1171 2912 procu·
1194 2853 1213 2894 e

98 2936 289 3009 currissent
320 2937 486 3001 Numidae
516 2936 640 3020 integri
662 2935 830 3001 celeritate
854 2936 1015 3019 impetum
1040 2940 1171 3000 nostro-

98 3064 174 3108 rum
189 3043 392 3127 effugiebant
405 3047 587 3126 rursusque
611 3043 655 3106 ad
671 3042 803 3108 ordines
819 3062 898 3106 suos
921 3062 957 3106 se
973 3040 1171 3125 recipientes

98 3147 319 3214 circumibant
342 3154 375 3213 et
398 3149 441 3212 ab
465 3148 537 3212 acie
560 3148 790 3212 excludebant.
836 3147 886 3211 sio
910 3168 1018 3232 neque
1041 3147 1077 3212 in
1099 3147 1172 3213 loco

99 3277 235 3321 manere
259 3254 456 3338 ordinesque
485 3273 620 3318 servare
650 3274 759 3337 neque
783 3275 977 3337 procurrere
1000 3259 1033 3319 et
1056 3275 1171 3318 casum

99 3364 211 3429 subire
234 3367 343 3429 tutum
372 3361 560 3428 videbatur.
607 3361 754 3426 hostium
780 3361 898 3445 copiae
927 3361 1102 3425 submissis
1129 3362 1214 3427 abr

99 3493 178 3556 rege
202 3469 334 3535 auxiliis
357 3471 474 3535 crebro
504 3471 731 3554 augebantur;
767 3474 897 3534 nostros
925 3468 1014 3533 vires
1037 3467 1173 3532 lassitu-

98 3578 177 3641 dine
192 3575 402 3654 deficiebant,
418 3575 519 3640 simul
537 3576 571 3657 ii,
590 3576 647 3661 qui
667 3577 808 3640 vulnera
830 3580 1041 3660 acceperant,
1064 3597 1172 3661 neque

101 3684 173 3749 acie
203 3684 363 3749 excedere
394 3704 504 3769 neque
530 3682 565 3747 in
596 3684 706 3747 lecum
729 3688 837 3748 tutum
861 3682 977 3747 referri
1000 3687 1172 3766 poterant,

101 3793 191 3876 quod
213 3796 283 3857 tota
306 3790 396 3857 acies
419 3789 568 3875 equitatu
590 3790 734 3855 hostium
758 3789 964 3855 circumdata
988 3791 1182 3854 tenebatur.
