2768 4200
174 205 225 262 122
536 199 587 260 ha
608 198 731 262 BELLO
752 198 873 260 crtum

137 396 145 436 r
259 367 415 434 LXXXI.
444 367 673 452 Metropolitae
702 366 846 451 primum
873 367 989 433 eodem
1019 364 1072 432 usi
1102 363 1237 431 oonsilio

170 478 278 547 isdem
293 478 433 565 permoti
451 477 638 544 rumoribus
656 483 768 562 portas
786 478 976 542 clauserunt
990 498 1168 562 murosque
1184 497 1237 541 ar-

170 587 268 654 matis
292 587 557 671 compleverunt3
581 587 640 651 sed
655 592 770 670 postea
789 607 870 651 casu
887 585 1031 652 civitatis
1047 584 1237 670 Gomphen-

170 695 217 759 sis
241 695 372 779 cognito
397 717 437 759 ex
460 693 611 778 captivis,
638 714 721 777 quos
745 693 871 758 Caesar
895 691 937 756 ad
960 714 1091 758 murum
1115 695 1237 777 produ-

135 823 148 865 a
169 803 291 867 nendos
314 809 499 880 curaverat,
523 806 635 885 portas
660 805 869 885 aperuerunt.
917 799 1038 884 quibus
1057 799 1236 884 diligentis·

169 910 252 976 sime
275 910 479 976 conservatis
503 908 623 975 collata
642 909 774 974 fortuna
796 905 1041 991 Metropolitum
1065 928 1141 972 cum
1158 927 1240 972 casu

171 1016 433 1102 Gomphensium
448 1017 539 1081 nulla
561 1015 751 1081 Thessaliae
771 1015 833 1081 suit
852 1015 971 1081 civitas
995 1021 1124 1099 praeter
1145 1015 1239 1080 Lari·

170 1145 275 1206 saeos,
308 1125 364 1209 qui
392 1124 524 1210 magnis
557 1125 756 1190 exercitibus
788 1123 998 1208 Scipionibus
1032 1123 1239 1222 tenebantur,

135 1255 148 1297 a
171 1233 251 1318 quin
274 1233 411 1298 Caesari
434 1239 564 1317 pareret
594 1238 694 1318 atque
717 1233 880 1317 imperata
913 1232 1046 1298 faceret.
1092 1231 1148 1295 ille
1171 1231 1240 1296 ido·

169 1363 267 1407 neum
291 1341 401 1406 locum
429 1341 463 1405 in
489 1341 579 1426 agris
611 1346 740 1422 nactae,
775 1361 839 1426 quo
863 1361 975 1426 prope
1000 1339 1075 1426 ⁶iam
1109 1346 1240 1405 matura

170 1457 265 1515 erant
295 1448 486 1529 frumenta,
508 1448 556 1513 ibi
585 1449 766 1514 adventurn
797 1455 988 1533 exspectare
1014 1448 1153 1532 Pompei
1184 1470 1239 1513 eo·

170 1580 234 1643 que
256 1580 388 1624 ornnem
412 1558 488 1623 belli
512 1557 672 1623 rationem
696 1558 845 1624 conferre
871 1556 1052 1623 constituit.

137 1687 146 1728 1
259 1665 431 1732 LXXXII.
455 1666 634 1750 Pompeius
657 1666 773 1752 paucis
798 1673 872 1750 post
896 1666 1013 1731 diebus
1036 1665 1070 1730 in
1094 1665 1239 1732 Thessa·

170 1773 248 1839 liam
271 1773 423 1859 pervenit
447 1772 721 1858 contionatusque
746 1775 835 1858 apud
866 1778 1024 1839 cunctum
1058 1773 1239 1840 exereitum

170 1881 238 1947 suis
262 1881 332 1966 agit
355 1879 492 1965 gratias,
517 1879 683 1964 Scipionis
707 1880 827 1946 milites
857 1881 1056 1962 cohortatur,
1084 1886 1121 1946 ut
1144 1888 1239 1966 parta

170 1987 236 2053 iarn
261 1987 400 2052 victoria
424 1987 567 2071 praedae
591 2006 631 2050 ac
655 1986 878 2070 praemiorum
896 1987 1001 2052 velint
1016 2009 1088 2052 esse
1102 1987 1239 2073 partici-

170 2117 239 2179 pes,
262 2094 470 2179 receptisque
494 2095 648 2159 omnibus
671 2094 702 2159 in
728 2117 795 2160 una
811 2101 920 2161 castra
938 2095 1125 2180 legionibus
1140 2116 1238 2161 suum

170 2225 246 2268 cum
269 2203 423 2288 Scipione
442 2203 601 2267 honorem
625 2203 766 2288 partitur
790 2204 1031 2289 classicumque
1055 2205 1146 2288 apud
1161 2227 1239 2272 eum

136 2331 148 2372 a
171 2307 246 2371 cani
268 2313 300 2373 et
318 2306 459 2371 alterum
476 2305 523 2371 illi
542 2306 633 2372 iubet
648 2309 848 2391 praetorium
866 2309 966 2375 tendi.
1013 2308 1119 2374 auctis
1135 2311 1240 2395 copiis

170 2413 306 2498 Pompei
319 2415 515 2499 duobusque
528 2413 660 2499 magnis
680 2415 878 2482 exercitibus
896 2416 1080 2482 coniunctis
1099 2416 1241 2501 pristina

170 2522 317 2588 omnium
348 2523 561 2588 confirmatur
594 2522 705 2606 opinio
738 2529 770 2588 et
801 2544 878 2608 spes
909 2523 1068 2590 victoriae
1098 2529 1241 2609 augetur

171 2631 263 2710 aduc,
285 2635 332 2710 ut,
351 2629 513 2713 quidquid
532 2629 749 2695 intercederet
766 2631 931 2714 temporis,
948 2632 982 2696 id
1008 2631 1129 2698 morari
1148 2632 1236 2698 redi-

135 2762 147 2804 a
171 2743 240 2802 tum
263 2736 298 2801 in
321 2735 453 2801 Italiam
476 2735 655 2817 videretur,
681 2743 712 2802 et
735 2738 764 2802 si
788 2740 921 2822 qnando
953 2739 1034 2824 quid
1057 2739 1238 2824 Pompeius

170 2844 297 2910 tardius
330 2849 388 2908 aut
415 2843 656 2909 consideratius
686 2845 818 2924 faceret,
850 2845 949 2911 unius
972 2869 1045 2912 esse
1069 2846 1239 2932 negotium

171 2952 244 3033 diei,
263 2954 322 3017 sed
339 2952 433 3017 illum
450 2952 606 3018 delectari
624 2952 763 3036 imperio
782 2959 815 3018 et
832 2954 1024 3019 consulares
1038 2953 1240 3038 praetorios-

135 3083 147 3124 4
172 3082 234 3144 que
258 3081 428 3125 servorum
453 3060 577 3126 habere
594 3081 730 3126 numero
745 3061 902 3127 (licerent.
949 3061 1083 3146 iamque
1098 3061 1184 3126 inter
1201 3084 1238 3128 se

170 3165 281 3249 palam
313 3167 353 3230 de
382 3167 541 3250 praemiis
573 3189 612 3231 ae
636 3168 677 3232 de
702 3166 896 3232 sacerdotiis
928 3168 1173 3233 contendebant
1203 3168 1240 3233 iu

80 3356 84 3363 ,
170 3295 341 3359 annosque
369 3274 578 3339 consulatum
607 3274 819 3354 deliniebant,
849 3274 906 3339 alii
941 3277 1056 3340 domos
1084 3276 1240 3361 bonaque

133 3406 146 3448 a
170 3405 294 3463 eorum,
318 3382 432 3468 quiin
456 3383 573 3448 castris
597 3388 689 3448 erant
712 3381 876 3463 Caesaris,
900 3384 1071 3467 petebant3
1096 3405 1239 3470 magna·

169 3514 233 3578 que
256 3490 341 3558 inter
364 3513 420 3557 eos
444 3491 479 3556 in
512 3490 648 3556 consilio
672 3490 734 3556 fuit
766 3491 1000 3572 controversia,
1030 3498 1239 3576 oporteretne

169 3598 288 3664 Lucilii
304 3597 403 3679 Hirri,
422 3600 509 3683 quod
522 3597 551 3662 is
570 3618 589 3662 a
604 3597 761 3682 Pompeio
778 3599 822 3663 ad
836 3598 979 3664 Parthos
996 3599 1118 3665 missus
1141 3606 1241 3682 esset,

169 3707 327 3792 proximis
342 3695 483 3773 comitiis
497 3707 669 3791 praetoriis
685 3708 833 3774 absenIIs
850 3708 1009 3774 rationem
1022 3707 1150 3789 haberi,
1161 3730 1241 3776 cum

170 3814 241 3880 eius
255 3815 433 3881 necessarii
450 3809 546 3882 fidem
559 3816 771 3901 implorarent
786 3816 933 3902 Pompei,
945 3821 1136 3902 praestaret,
1150 3818 1242 3903 quod
