2768 4200
169 207 206 262 32
487 278 489 282 v
537 212 588 266 DE
609 213 735 269 BELLO
756 209 877 268 Cll'lLI

173 368 296 432 virtute
320 369 495 449 cedebant,
519 372 672 438 homines
696 371 808 457 asperi
831 378 864 436 et
894 371 1044 435 montani
1067 377 1100 436 et
1122 373 1247 438 exerci-

135 475 149 514 ⁴
173 475 234 540 tati
254 475 289 539 in
312 476 429 557 armis;
452 485 552 564 atque
579 480 616 545 hi
640 481 738 545 modo
762 478 905 563 digressi
932 499 953 544 a
982 477 1249 544 Massiliensibus

172 588 339 648 recentem
363 606 476 649 eorum
500 586 771 670 pollicitationem
792 585 913 650 animis
936 584 1160 665 continebant,
1184 608 1247 670 pa-

173 694 343 772 storesque
366 690 502 756 Domitii
526 713 585 776 spe
614 692 776 759 libertatis
806 690 942 756 excitati
966 691 1028 756 sub
1057 691 1163 756 oculis
1186 693 1248 757 do-

173 793 255 859 mini
278 815 374 859 suam
397 798 538 880 probare
560 819 696 881 operam
720 800 909 866 studebant.

140 920 145 959 ι
263 901 383 966 LVIII.
418 902 488 985 Ipsi
522 903 750 970 Massilienses
781 912 814 971 et
846 905 1016 971 celeritate
1048 904 1186 969 navium
1214 911 1248 969 et

174 1009 316 1074 scientia
339 1011 601 1092 gubernatorum
632 1013 748 1077 confisi
779 1019 910 1077 nostros
934 1011 1115 1077 eludebant
1137 1011 1245 1096 impc-

174 1124 295 1200 tusque
319 1137 432 1180 eorum
464 1115 675 1200 excipiebant
702 1127 743 1199 et,
768 1121 878 1204 quoad
907 1118 1031 1185 licebat
1052 1118 1170 1183 latiore
1198 1117 1247 1184 uti

173 1223 290 1308 spatio,
318 1224 480 1306 producta
502 1223 635 1307 longius
658 1225 730 1290 acie
761 1227 1006 1292 circumvenire
1036 1232 1165 1290 nostros
1188 1231 1247 1289 aut

136 1347 139 1354 ·
173 1330 325 1415 pluribus
349 1328 492 1394 navibus
516 1329 639 1394 adoriri
669 1331 818 1416 singulas
847 1339 906 1399 aut
936 1355 1046 1399 remos
1074 1339 1246 1398 transcur-

131 1456 149 1494 ι’
173 1440 283 1501 rentes
308 1435 489 1517 detergere,
513 1433 543 1497 si
566 1442 711 1517 possent,
726 1439 984 1518 contendebant3
1010 1459 1086 1503 cum
1109 1436 1247 1520 propius

174 1548 246 1607 erat
268 1539 455 1604 necessario
473 1545 619 1620 ventum,
639 1542 682 1605 ab
706 1543 847 1609 scientia
864 1545 1125 1628 gubernatorum
1145 1549 1247 1626 atque

131 1670 150 1706 ‚e
174 1647 323 1714 artificiis
345 1647 390 1711 ad
405 1647 560 1711 virtutem
579 1654 812 1714 montanorum
835 1649 1082 1734 confugiebant.
1128 1649 1248 1712 nostri

174 1776 250 1821 cum
274 1754 384 1819 minus
407 1753 596 1819 exercitatis
627 1755 810 1840 remigibus
839 1757 1017 1840 minusque
1040 1754 1155 1838 peritis
1178 1775 1245 1838 gu-

172 1863 402 1928 bernatoribus
427 1862 615 1942 utebantur,
631 1862 690 1946 qui
706 1870 839 1948 repente
856 1885 898 1927 cx
917 1863 1076 1927 onerariis
1098 1861 1244 1924 navibus

173 1977 268 2036 erant
289 1969 443 2054 producti
467 1969 589 2057 [nequo
621 1970 701 2034 dum
732 1970 832 2035 etiam
856 1968 1031 2034 vocabulis
1055 1987 1242 2031 armamen-

173 2083 282 2141 torum
306 2075 473 2162 cognitis],
492 2074 679 2140 tumeliam
699 2075 854 2141 tarditate
873 2080 906 2140 et
923 2074 1089 2160 gravitate
1104 2070 1243 2137 navium

173 2183 455 2267 impediebantur;
472 2183 581 2247 sactae
596 2182 686 2247 enirn
702 2182 811 2249 subito
828 2204 869 2248 ex
887 2182 1003 2248 umida
1021 2179 1161 2247 materia
1176 2200 1244 2244 non

131 2311 150 2349 r
173 2293 314 2355 eundem
344 2312 443 2354 usum
467 2286 644 2354 celeritatis
667 2290 847 2356 habebant.
893 2291 1016 2375 itaque,
1045 2292 1126 2354 dum
1149 2288 1245 2352 locus

172 2397 360 2462 comminus
383 2396 557 2481 pugnandi
580 2397 724 2476 daretur,
748 2419 855 2482 aequo
879 2398 993 2462 animo
1016 2395 1168 2479 singulas
1191 2394 1246 2459 bi-

172 2506 226 2572 nis
250 2506 393 2570 navibus
417 2504 606 2570 obiciebant
628 2512 728 2589 atque
747 2505 870 2570 iniecta
887 2527 990 2570 manu
1012 2506 1121 2570 ferrea
1144 2509 1178 2569 et
1192 2525 1246 2568 re-

172 2620 263 2680 tenta
286 2621 426 2698 utraque
444 2633 531 2677 nave
554 2611 677 2677 diversi
701 2615 899 2697 pugnabant
922 2620 1022 2698 atque
1040 2614 1075 2678 in
1098 2612 1245 2679 hostium

174 2743 277 2787 naves
300 2720 598 2797 transcendebant;
623 2725 655 2784 et
684 2739 809 2803 magno
832 2741 970 2785 numero
993 2720 1188 2785 Albicorum
1212 2726 1245 2783 et

172 2834 345 2913 pastorum
367 2826 540 2890 interfecto
562 2831 690 2909 partem
714 2818 853 2891 navium
877 2827 1077 2912 deprimunt,
1100 2825 1246 2890 nonnul·

173 2937 224 3001 las
247 2956 324 3000 oum
348 2931 538 2998 hominibus
554 2933 699 3017 capiunt,
717 2932 864 3017 reliquas
889 2934 923 2998 in
941 2941 1073 3018 portum
1097 2933 1245 3016 compel-

134 3043 255 3109 alunt.
302 3062 340 3104 eo
364 3039 417 3105 die
447 3060 552 3104 naves
583 3039 846 3106 Massiliensium
878 3063 955 3106 cum
985 3041 1026 3106 iis
1056 3046 1244 3125 quaesunt

174 3155 292 3232 captae
314 3147 483 3212 intereunt
504 3146 565 3212 lX.

142 3280 149 3320 1
263 3256 352 3320 LIX.
376 3254 449 3319 Hoc
471 3253 614 3337 primum
646 3253 782 3328 Caesari
806 3257 850 3320 ad
879 3255 1024 3321 Ilerdam
1055 3253 1243 3330 nuntiatur;

134 3388 152 3428 a
174 3361 275 3428 simul
295 3360 443 3445 perfecto
462 3365 559 3444 ponte
574 3360 724 3425 celeriter
746 3362 881 3428 fortuna
899 3369 1056 3432 mutatur.
1103 3361 1152 3426 illi
1170 3383 1243 3446 per·

174 3467 279 3543 territi
302 3466 426 3531 virtute
449 3465 597 3550 equiturn
617 3465 728 3531 minus
742 3467 855 3550 libere,
878 3471 988 3536 minus
1007 3472 1167 3535 audacter
1185 3491 1246 3535 va-

175 3577 360 3662 gabantur:
384 3573 468 3639 alias
488 3595 555 3637 non
578 3573 678 3657 longo
703 3594 724 3638 a
747 3576 865 3642 castris
888 3576 1057 3662 progressi
1072 3575 1189 3660 spatio,
1209 3584 1246 3641 ut

176 3685 317 3749 celerem
349 3688 520 3768 receptum
554 3682 735 3761 haberent,
769 3683 945 3768 angustius
976 3683 1246 3767 pabulabantur‚

173 3793 259 3860 alias
287 3793 434 3878 longiore
471 3790 611 3858 circuitu
641 3790 811 3857 custodias
841 3791 1068 3875 stationesque
1096 3791 1243 3876 equitum
