2768 4200
171 216 189 270 e·
535 217 586 271 iffi
606 216 731 273 mzLLu
753 214 873 271 r'll'lll

135 404 148 435 κ
173 381 244 463 peio
271 382 312 445 ad
349 402 424 445 eum
450 380 566 465 privati
599 381 697 446 officii
724 383 882 445 mundana
907 382 1133 447 demonstrat:
1158 380 1227 447 rell

173 489 368 572 Pompeium
399 511 434 553 se
465 490 600 555 Caesari
634 506 890 575 purgaturum
920 512 970 559 ea.
1000 510 1088 575 quae
1112 489 1164 557 rei
1190 512 1228 576 pr

172 596 279 661 blieae
302 617 405 661 eausa
428 596 542 680 egerit,
558 597 590 660 iu
615 617 711 661 suam
735 595 969 661 eontumeliam
985 601 1104 662 vertat,
1155 618 1230 665 sem

171 725 289 787 perse
314 702 358 768 rei
383 703 534 787 publicae
565 706 741 769 commoda
773 703 912 786 privatis
938 702 1232 769 necessitudinibu

172 810 330 875 habuisse
352 810 488 894 potiora.
535 812 713 875 Caesarem
747 830 878 895 «proquo
902 831 962 893 pro
990 830 1054 875 sua
1077 808 1230 895 dignitat

171 919 290 984 debere
313 925 345 983 et
371 918 516 983 studium
540 926 569 982 el
591 917 798 983 iracundiam
822 938 917 981 suam
941 916 986 981 rei
1010 916 1171 1000 publicae
1196 918 1234 983 di

173 1026 300 1091 mittere
324 1048 430 1110 oeque
447 1026 529 1090 adeo
549 1025 696 1103 graviter
718 1024 818 1089 irasci
843 1024 997 1103 inimicis,
1013 1029 1059 1097 ul,
1083 1046 1166 1091 eum
1182 1024 1235 1093 illi

136 1154 291 1199 snoeere
315 1157 350 1197 se
373 1139 494 1216 speret,
526 1134 572 1198 rei
602 1133 755 1216 publicae
777 1142 905 1199 noeeut.
952 1152 1061 1215 pauca
1090 1130 1239 1201 eiusden

170 1242 302 1326 generis
314 1241 407 1306 addit
422 1263 497 1306 eum
517 1241 729 1306 excusatione
740 1240 877 1324 Pompei
891 1240 1077 1305 eoniunetu.
1125 1242 1240 1309 eaden

174 1352 242 1414 l'ero
266 1356 364 1433 alque
388 1348 492 1413 isdem
516 1348 627 1413 uerbis
652 1355 782 1431 praetor
807 1347 942 1411 lloseius
961 1345 1029 1429 ugit
1053 1366 1133 1411 eum
1160 1348 1243 1415 Gae-

174 1478 249 1522 sure
272 1456 401 1539 sibique
428 1454 619 1537 l'ompeium
644 1474 925 1517 commemorasse
948 1452 1170 1519 demonstrat.

139 1583 145 1620 1
267 1565 321 1628 lX.
346 1566 440 1644 Quae
464 1585 517 1627 res
541 1562 601 1627 elsi
633 1561 713 1626 nihil
746 1564 789 1626 ad
814 1561 973 1625 levandas
1005 1558 1147 1625 iniurias
1172 1582 1246 1647 per·

173 1672 276 1735 tinere
303 1671 511 1747 videbantur,
542 1678 651 1733 lamen
684 1668 820 1732 idoneos
854 1671 971 1732 uaelus
998 1664 1166 1747 lromineS,
1190 1688 1248 1752 per

172 1802 255 1864 quos
279 1801 329 1858 ea,
345 1800 431 1862 quae
449 1778 556 1857 vellel‚
573 1780 616 1842 ad
633 1800 707 1843 eum
730 1778 962 1861 perferrenlur,
985 1775 1067 1861 petit
1090 1776 1135 1841 ub
1154 1784 1250 1845 utro-

172 1910 248 1972 que
265 1886 421 1971 quoniam
437 1886 576 1969 Pompei
596 1886 752 1949 mandata
772 1887 812 1949 ad
834 1906 870 1947 se
894 1882 1083 1969 detulerint,
1106 1905 1152 1950 ue
1168 1906 1252 1971 gra·

172 2002 293 2059 rentur·
315 2015 375 2058 sua
407 2016 538 2079 quoque
562 1994 703 2057 adeum
729 1993 894 2075 petulum
924 1993 1062 2071 delium,
1085 1991 1114 2056 si
1141 2012 1254 2077 parvo

173 2104 286 2166 labore
309 2123 450 2186 maguus
475 2101 719 2166 controversias
750 2101 861 2165 tollere
894 2108 994 2183 alque
1017 2119 1152 2165 omnem
1180 2102 1256 2169 lta-

136 2230 149 2265 ·-’
174 2210 253 2274 liam
277 2218 366 2272 melu
382 2208 521 2272 liberare
543 2207 680 2291 possint.
728 2207 789 2270 sibi
814 2228 945 2290 semper
967 2206 1112 2291 primam
1131 2208 1256 2294 reipu-

174 2315 282 2379 blieae
301 2314 401 2378 luisse
425 2314 621 2397 dignitatem
645 2314 779 2395 rituque
812 2313 980 2394 prdiorem.
1026 2310 1179 2379 doluisse
1203 2336 1256 2391 se,

175 2424 262 2508 quod
283 2421 394 2505 populi
429 2422 551 2487 lornarii
576 2419 772 2484 beneficium
790 2420 851 2483 sibi
869 2442 927 2504 per
949 2419 1191 2487 contumeliam
1208 2425 1258 2489 ab

174 2531 306 2595 nimir-is
331 2536 596 2613 intorqueretur,
613 2533 791 2611 ereptoque
815 2527 967 2591 semestri
981 2525 1120 2610 imperio
1136 2526 1176 2593 in
1194 2550 1257 2595 ur-

175 2642 251 2703 bem
275 2637 506 2707 relraherelur,
529 2636 627 2701 euius
651 2635 797 2700 absenlis
814 2635 975 2700 rationem
996 2633 1115 2699 haberi
1133 2636 1257 2719 proxi-

138 2770 151 2803 :z
177 2746 239 2810 mis
255 2743 397 2810 comitiis
414 2745 554 2827 populus
567 2743 729 2808 iussisset.
775 2750 886 2807 tamen
904 2743 992 2807 hane
1003 2742 1170 2809 iacturam
1188 2744 1258 2811 ho—

178 2854 266 2919 noris
290 2853 342 2919 sui
371 2852 415 2917 rei
441 2852 594 2935 publicae
616 2872 718 2915 eausa
743 2873 847 2935 aequo
870 2850 982 2915 auimo
1000 2848 1137 2929 lrrlisse3
1170 2874 1262 2919 eum-

176 2962 301 3027 liuerus
319 2962 361 3026 ad
380 2968 533 3025 senatum
559 2959 694 3039 miserit,
719 2966 754 3022 ut
778 2980 892 3025 omnes
911 2960 954 3023 ul}
974 2956 1180 3025 exercitibus
1206 2961 1257 3025 di·

141 3086 151 3123 r
178 3070 358 3147 scelernm,
371 3090 411 3132 ne
427 3068 460 3131 id
480 3067 613 3151 <pridem
628 3065 869 3149 impetravisse.
908 3071 976 3130 rota
996 3062 1089 3129 llalia
1106 3063 1259 3135 dilectus

178 3177 302 3255 heberi,
326 3177 457 3242 retineri
482 3176 630 3261 legiones
650 3176 691 3253 ll,
711 3198 797 3259 quare
821 3176 862 3239 ab
880 3197 915 3237 se
934 3172 1144 3239 simulatione
1163 3174 1258 3242 Par-

179 3284 256 3348 llriei
281 3285 358 3349 belli
377 3284 442 3347 sind.
466 3286 640 3362 abductae,
665 3283 833 3347 eiritatem
850 3303 923 3345 esse
946 3280 980 3344 iu
1004 3278 1117 3344 armis
1165 3302 1258 3367 quo-

142 3407 154 3441 -·¹
181 3412 255 3455 uam
280 3392 364 3455 haee
385 3391 495 3455 omnia
520 3391 581 3453 uisi
602 3393 645 3455 ad
669 3411 763 3453 suam
784 3387 965 3472 perniciem
984 3386 1176 3470 periinere?
1191 3392 1258 3457 sed

179 3511 288 3566 uuuen
321 3499 498 3563 adomnia
531 3521 567 3563 se
599 3498 800 3562 descendere
831 3501 982 3579 para-lum
1008 3500 1108 3577 alque
1137 3496 1259 3563 omnia

181 3607 246 3691 pali
265 3629 310 3672 rer
329 3607 482 3691 publicae
507 3627 617 3672 eausa.
665 3603 892 3688 proficiscatur
910 3600 1090 3685 Pompeius
1110 3601 1148 3667 in
1171 3624 1258 3671 suas

180 3714 377 3798 prouincias,
401 3713 462 3797 ipsi
487 3713 650 3778 exereitus
674 3712 858 3781 dimillanl:
883 3710 1057 3775 discedant
1079 3732 1199 3779 omnes
1218 3711 1257 3781 in

183 3823 276 3887 ltalia
299 3825 342 3887 ul)
365 3823 477 3888 annis.
502 3836 642 3886 rrretuse
666 3820 800 3885 eiriude
823 3819 965 3897 tollatur,
988 3817 1094 3883 libera
1117 3820 1260 3889 comitia
