2760 4192
175 194 193 242 a
537 189 588 243 bd
609 187 733 244 BELLO
754 187 874 243 Cll'ILI

174 355 247 420 lites
270 355 304 418 in
327 353 442 420 itinere
466 354 508 419 ab
532 375 570 418 eo
594 353 769 418 discedunt
792 375 832 418 ac
860 355 996 417 domum
1021 361 1240 419 revertuntur.

137 479 151 522 a
174 462 274 528 Curio
297 482 428 526 summa
450 460 599 525 omnium
621 461 791 525 voluntate
815 460 971 545 Iguvium
995 460 1120 544 recipit.
1167 463 1242 544 qui-

173 573 237 636 bus
260 571 358 635 rebus
382 567 523 653 cognitis
555 568 697 632 conlisus
726 568 981 653 municipiorum
1013 569 1242 633 voluntatibus

174 679 299 744 Caesar
316 677 468 742 cohortes
483 674 624 760 legionis
647 675 741 745 XIII,
760 699 800 740 ex
820 675 995 760 praesidiis
1015 675 1149 741 deducit
1167 677 1241 740 Au-

174 785 365 868 ximumque
385 782 617 866 proficiscitur3
644 784 732 866 quod
747 784 905 867 oppidum
920 783 1032 849 Attius
1048 783 1241 848 cohortibus
1292 853 1295 857 ‚

173 890 368 957 introductis
391 891 523 955 tenebat
539 872 760 974 dilectumque
775 897 842 955 toto
858 891 980 968 Piceno
1000 890 1241 956 circummissis

174 998 384 1066 senatoribus
402 998 559 1062 habebat.

137 1123 146 1163 1
261 1106 356 1170 XIII.
377 1107 533 1169 Adventu
557 1105 712 1169 Caesaris
733 1105 864 1189 cognito
889 1105 1082 1170 decuriones
1104 1105 1239 1170 Auximi

173 1216 216 1278 ad
239 1213 366 1279 Attium
382 1214 510 1277 Varum
529 1212 717 1296 frequentes
735 1213 956 1290 conveniunt;
977 1214 1096 1278 docent
1120 1212 1171 1276 sui
1183 1213 1238 1276 iu-

172 1322 251 1388 dicii
274 1343 344 1387 rem
369 1343 434 1387 non
458 1342 546 1398 esse3
567 1343 674 1406 neque
698 1342 862 1406 seneque
885 1321 1029 1405 reliquos
1053 1321 1240 1404 municipes

171 1429 241 1513 pati
257 1449 353 1512 posse
372 1427 409 1492 C.
430 1427 607 1492 Caesarem
627 1427 865 1511 imperatorem,
885 1430 968 1492 bene
990 1429 1032 1493 de
1051 1450 1085 1492 re
1104 1428 1240 1511 publica

172 1535 338 1613 meritum,
361 1535 461 1599 tantis
484 1535 583 1598 rebus
599 1535 701 1618 gestis
720 1536 839 1618 oppido
863 1535 1101 1619 moenibusque
1125 1536 1239 1618 prohi-

171 1642 256 1722 beri;
280 1643 416 1726 proinde
432 1643 555 1708 habeat
570 1641 730 1707 rationem
749 1641 948 1725 posteritatis
968 1648 1000 1707 et
1018 1642 1155 1725 periculi
1175 1643 1237 1706 sui.

135 1779 148 1818 ·.›
172 1771 313 1834 quorum
330 1750 474 1816 oratione
489 1757 659 1834 permotus
674 1749 783 1814 Varus
798 1750 1011 1833 praesidium,
1031 1752 1118 1834 quod
1134 1750 1238 1814 intro-

136 1885 149 1926 3
172 1859 320 1938 (luxerat,
344 1880 383 1922 ex
406 1857 526 1942 oppido
549 1856 660 1921 educit
683 1877 723 1919 ao
747 1855 903 1939 profugit.
951 1856 1040 1921 huno
1069 1855 1238 1939 exprimo

171 1964 284 2029 ordine
316 1965 413 2049 pauci
436 1965 589 2030 Caesaris
614 1964 784 2029 consecuti
809 1963 930 2030 milites
955 1964 1136 2030 consistere
1162 1987 1237 2029 eoe-

136 2098 148 2138 t
170 2077 300 2154 gerunt.
347 2072 523 2137 commisso
547 2071 669 2155 proelio
694 2072 856 2137 deseritur
879 2093 898 2136 a
918 2071 986 2136 suis
1009 2073 1039 2136 V
1041 2093 1130 2152 arus;
1154 2095 1238 2136 non-

171 2177 262 2241 nulla
278 2199 356 2262 pars
374 2178 515 2244 militnm
532 2180 666 2243 domum
682 2179 832 2258 discedit,
851 2179 969 2264 reliqui
993 2179 1036 2243 ad
1060 2179 1236 2245 Caesarem

171 2286 376 2367 perveniunt,
392 2292 490 2370 atque
509 2308 666 2351 unacum
684 2287 724 2351 iis
743 2289 926 2370 deprensus
943 2287 979 2350 L.
996 2286 1123 2370 Pupius
1139 2287 1236 2369 primi

170 2391 228 2476 pili
258 2391 406 2456 centurio
437 2392 621 2471 adducitur,
651 2393 706 2476 qui
738 2394 827 2457 bunc
858 2395 1001 2457 eundem
1024 2392 1174 2456 ordinem
1202 2393 1235 2456 in

135 2540 148 2564 »
171 2500 315 2565 exercitu
334 2500 394 2565 Cn.
418 2500 555 2584 Pompei
573 2508 671 2566 antea
688 2502 835 2567 duxerat.
883 2502 1008 2566 Caesar
1031 2500 1151 2565 milites
1175 2503 1237 2566 At-

170 2609 278 2674 tianos
294 2611 469 2684 collaudat,
485 2608 627 2693 Pupium
643 2608 794 2686 dimittit3
815 2608 1048 2674 Auximatibus
1072 2608 1143 2692 agit
1158 2629 1236 2691 gra-

170 2715 232 2781 tias
256 2737 358 2800 seque
382 2737 494 2781 eorum
519 2714 599 2780 facti
622 2735 802 2778 memorem
826 2714 895 2777 soro
918 2713 1101 2795 pollicetur.

135 2848 144 2889 1
277 2823 368 2888 XIV.
381 2823 510 2908 Quibus
526 2823 626 2885 rebus
643 2820 781 2884 Romam
797 2819 957 2884 nuntiatis
974 2826 1085 2884 tantus
1101 2828 1237 2905 repenle

170 2938 273 2997 terror
295 2930 428 3009 invasit,
458 2935 503 3008 ut,
531 2951 607 3002 cum
632 2928 791 2994 Lentulus
815 2928 929 2992 consul
953 2928 996 2992 ad
1021 2927 1235 3011 aperiendum

170 3038 335 3104 aerarium
359 3038 504 3103 venisset
527 3039 570 3101 ad
594 3036 835 3120 pecuniamque
858 3035 1016 3118 Pompeio
1035 3057 1076 3099 ex
1100 3041 1237 3098 senatu>¹

170 3147 319 3211 consulto
344 3147 585 3229 proferendam,
609 3144 760 3229 protinus
784 3145 898 3228 aperto
922 3143 1084 3208 sanctiore
1108 3143 1214 3206 aerari

170 3276 209 3318 ex
228 3254 310 3317 urbc
326 3253 524 3336 profugeret.
571 3252 695 3319 Caesar
711 3252 801 3318 enim
820 3254 1008 3330 adventare,
1022 3257 1054 3314 et
1069 3252 1135 3315 ianr
1151 3251 1236 3315 iam-

133 3385 146 3426 a
170 3383 234 3444 que
257 3361 375 3424 adesse
400 3360 471 3424 eius
491 3359 617 3442 equites
636 3360 720 3424 salso
739 3360 987 3426 nuntiabantur.
1036 3359 1124 3422 huno
1144 3358 1235 3423 Mar-

133 3495 146 3536 a
169 3469 272 3533 cellus
291 3466 419 3552 collega
430 3472 462 3531 et
473 3466 620 3551 plerique
633 3465 847 3549 magistratus
863 3466 1032 3531 consecuti
1049 3472 1135 3529 sunt.
1172 3466 1234 3530 Cn.

169 3576 349 3660 Pompeius
359 3575 464 3660 pridie
474 3575 547 3639 eius
559 3573 625 3639 diei
637 3595 677 3637 ex
693 3575 773 3638 urbe
784 3575 952 3657 profectus
963 3573 1024 3638 iter
1036 3574 1079 3636 ad
1090 3572 1235 3656 legione.-¹

168 3686 323 3764 habebat,
347 3706 430 3769 quas
450 3705 468 3748 a
488 3682 630 3747 Caesare
647 3688 802 3764 acceptas
819 3680 853 3744 in
875 3680 997 3764 Apulia
1019 3679 1232 3744 hibernorum

133 3816 146 3857 4
170 3814 272 3858 eausa
295 3792 513 3875 disposuerat.
561 3789 701 3855 dilectus
717 3789 806 3853 circa
825 3788 940 3852 urbem
956 3787 1233 3860 intermittuntur:
