2768 4200
375 208 495 265 COMM.
518 208 570 261 ΙΙΙ.
592 207 674 262 CAP.
694 207 972 262 XXXI-XXXVI.
1182 208 1218 268 95

145 375 223 440 bitis
258 375 484 458 compluribus
519 372 643 437 ordinis
676 372 847 451 senatorii,
871 393 954 456 quos
991 375 1217 444 advocaverat

145 482 267 566 Scipio,
293 481 423 547 litterae
448 481 479 544 ei
501 481 683 544 redduntur
706 499 726 542 a
749 479 917 562 Pompeia,
942 501 1033 545 mare
1057 485 1215 551 transisse

143 611 220 653 cum
243 587 430 673 legionibus
455 586 656 651 Caesarem:
681 600 872 670 properaret
891 588 935 650 ad
958 609 994 653 se
1019 611 1095 655 cum
1119 615 1215 657 exer-

142 696 211 760 citu
234 695 349 760 venire
374 693 552 779 omniaque
582 692 710 777 reliqua
742 693 965 776 posthaberet.
1012 695 1066 759 his
1098 697 1252 763 litteris2'

142 801 289 885 acceptis
313 822 397 886 quos
432 802 658 865 advocaverat
687 799 833 879 dimittit,
857 800 928 884 ipso
950 800 1012 866 iter
1042 803 1077 866 in
1101 804 1215 871 Mace-

142 908 276 974 doniam
299 929 418 992 parare
441 907 573 992 incipit3
597 908 780 991 paucisque
814 915 890 992 post
919 909 1037 973 diebus
1067 918 1115 992 est
1139 933 1215 994 pre-

141 1014 259 1078 fectus.
306 1014 390 1077 haec
411 1033 463 1077 res
487 1013 652 1096 Ephesiae
675 1012 838 1096 pecuniae
862 1012 1003 1077 salutem
1027 1015 1145 1080 attulit.

231 1121 390 1185 XXXIV.
412 1119 537 1184 Caesar
560 1120 695 1184 Antonii
715 1119 862 1184 exercitu
878 1120 1054 1185 coniuncto
1071 1122 1214 1186 deducta
1240 1136 1248 1175 ¹

142 1227 242 1294 Orico
266 1227 408 1311 legione,
433 1247 534 1310 quam
557 1227 698 1291 tuendae
723 1247 800 1290 orae
823 1226 1009 1292 maritimae
1034 1248 1137 1293 causa
1153 1251 1213 1313 po-

142 1341 266 1412 suerat,
290 1336 501 1418 temptandas
521 1333 585 1398 sibi
604 1333 794 1417 provincias
816 1332 1016 1419 longiusque
1031 1337 1213 1416 proceden-

142 1445 224 1506 dum
248 1441 469 1506 existimabat.
494 1449 621 1505 etcum
642 1442 776 1504 adeum
801 1461 842 1504 ex
868 1439 1043 1504 Thessalia
1066 1442 1213 1506 Aetolia·
1236 1456 1252 1495 ι’

142 1572 207 1635 que
231 1550 329 1633 legati
356 1549 536 1628 venissent,
569 1549 626 1632 qui
650 1547 816 1632 praesidio
849 1548 951 1612 misso
979 1549 1214 1631 pollicerentur

141 1679 254 1722 earum
278 1657 428 1741 gentium
452 1657 605 1722 civitates
628 1656 792 1739 imperata
814 1656 972 1734 facturas,
994 1656 1032 1719 L.
1057 1656 1212 1722 Cassium

140 1765 330 1849 Longinum
368 1785 445 1829 cum
483 1763 614 1848 legione
649 1763 815 1841 tironum,
859 1783 944 1846 quae
983 1762 1215 1845 appellabatur

138 1873 294 1952 XXVII,
319 1877 417 1955 atque
446 1871 613 1955 equitibus
644 1870 700 1934 CC
724 1870 757 1933 in
782 1870 1002 1949 Thessaliam,
1030 1868 1067 1933 C.
1095 1869 1211 1934 Calvi-

140 1980 228 2044 sium
253 1978 412 2044 Sabinum
450 1999 525 2042 cum
560 1977 753 2042 cohortibus
776 1977 806 2039 V
836 1976 1019 2060 paucisque
1042 1977 1212 2060 equitibus

141 2085 173 2148 in
197 2085 363 2149 Aetoliam
386 2083 492 2162 misit;
517 2083 662 2147 maxime
686 2104 752 2161 eoS,
777 2086 865 2165 quod
889 2089 983 2146 eraut
1006 2084 1211 2168 propinquae

139 2195 300 2279 regiones,
325 2195 366 2257 de
389 2215 424 2257 re
439 2191 661 2256 frumentaria
680 2197 717 2254 ut
735 2191 957 2274 providerent,
974 2191 1126 2257 hortatus
1150 2199 1211 2257 est.

139 2303 200 2368 Cn.
221 2302 404 2367 Domitium
421 2299 600 2365 Calvinum
621 2321 698 2364 cum
716 2299 905 2383 legionibus
921 2301 1064 2380 duabus,
1088 2301 1147 2366 XI.
1179 2299 1250 2367 et'a

136 2412 226 2489 XII,
244 2417 276 2475 et
288 2409 457 2494 equitibus
475 2408 550 2472 Din
563 2407 795 2472 Macedoniam
812 2406 976 2491 proficisci
989 2407 1098 2487 iussit3
1116 2409 1211 2473 euius
1234 2433 1246 2472 4

137 2517 332 2602 provinciae
356 2518 399 2580 ab
423 2536 463 2580 ea
481 2521 585 2598 parte,
605 2535 691 2599 quae
709 2512 813 2578 libera
829 2513 1071 2598 appellabatur,
1095 2514 1211 2580 Mene-

138 2627 266 2704 demus
288 2625 446 2709 princeps
476 2645 590 2688 earum
618 2621 803 2706 regionum,
835 2622 958 2687 missus
985 2623 1115 2706 legatus
1138 2644 1210 2687 om-

138 2732 230 2795 nium
254 2753 389 2795 suorum
413 2731 577 2796 excellens
600 2730 745 2794 studium
771 2730 995 2813 profitebatur.

227 2838 368 2902 XXXV.
405 2839 456 2902 Ex
485 2839 538 2902 his
573 2837 740 2902 Calvisius
775 2837 881 2920 primo
905 2838 1053 2900 adventu
1076 2858 1209 2901 summa
1246 2857 1256 2896 ι

138 2942 287 3007 omnium
310 2944 502 3008 Aetolorum
518 2951 671 3027 receptus
694 2943 864 3007 voluntate
888 2942 1064 3025 praesidiis
1087 2944 1208 3007 adver-

137 3050 301 3115 sariorum
326 3049 498 3135 Calydone
527 3056 559 3113 et
588 3049 762 3131 Naupacto
786 3048 924 3113 deiectis
957 3048 1048 3113 omni
1077 3050 1209 3114 Aetolia

136 3157 260 3242 potitus
277 3163 336 3221 est.
369 3154 506 3220 Cassius
522 3155 557 3218 in
573 3155 782 3219 Thessaliam
799 3177 875 3219 cum
894 3155 1024 3239 legione
1046 3157 1206 3240 pervenit.
1244 3180 1258 3218 ι

134 3266 191 3331 hio
210 3287 286 3330 cum
303 3270 415 3329 essent
431 3262 595 3328 sactiones
614 3266 709 3342 duae,
722 3264 821 3328 varia
836 3266 1007 3329 voluntate
1020 3256 1207 3330 civitatium

135 3376 306 3440 utebatur:
322 3374 554 3456 Hagesaretus
571 3371 693 3436 veteris
712 3373 812 3436 homo
827 3372 1004 3456 potentiae,
1029 3373 1207 3456 Pompeia-

135 3483 188 3548 nis
211 3484 311 3548 rebus
335 3482 505 3558 studebat3
538 3480 709 3562 PetraeuS,
742 3501 893 3546 summae
916 3480 1099 3546 nobilitatis
1123 3483 1206 3546 adu-

134 3592 273 3670 lescens
299 3590 368 3654 suis
384 3611 424 3654 ao
447 3610 584 3653 suorum
601 3589 718 3673 opibus
743 3587 922 3654 Caesarem
946 3587 1041 3652 enixe
1057 3587 1205 3654 iuvabat.

223 3696 384 3762 XXXVI.
415 3697 607 3781 Eodemque
630 3703 777 3781 tempore
800 3696 965 3789 Domitius
989 3695 1024 3759 in
1047 3695 1205 3760 Macedo-

134 3803 192 3868 nia
214 3804 323 3884 venit;
357 3812 489 3870 etcum
522 3805 666 3869 adeum
690 3803 880 3888 frequentes
903 3803 1088 3869 civitatium
1112 3802 1205 3887 lega·
1230 3826 1240 3866 1
