2768 4200
205 194 242 248 74
571 195 623 250 DE
643 196 768 253 BELLO
789 195 911 251 CIVILI

159 373 181 415 s
204 356 240 420 hi
264 356 305 420 de
329 375 389 419 sua
413 353 520 419 salute
544 354 772 439 desperantes
795 359 832 420 ut
850 359 997 419 extremo
1020 354 1110 421 'vitae
1128 361 1278 440 tempore

203 462 356 527 homines
379 464 490 527 facere
513 469 725 542 censuerunt,
749 467 807 527 aut
835 483 932 527 suam
965 469 1106 529 mortem
1136 463 1278 528 misera-

201 572 325 636 bantur
348 576 407 636 aut
428 563 583 654 parentes
608 590 687 635 suos
710 571 1002 650 commendabant,
1019 569 1049 634 si
1068 590 1155 655 ques
1179 592 1279 636 exeo

201 675 348 760 periculo
372 676 508 740 fortuna
530 696 665 740 servare
695 675 866 760 potuisset.
913 677 1012 760 plena
1042 681 1136 741 erant
1166 676 1279 741 omnia

200 783 330 849 timeris
355 788 388 848 et
405 784 526 849 luctus

166 908 176 948 1
290 890 396 959 XLII.
422 889 523 956 Curio
547 889 606 955 ubi
628 891 812 976 perterritis
840 891 996 956 omnibus
1025 912 1133 975 neque
1156 892 1279 958 cohor-

200 1001 343 1068 tationes
366 1022 445 1067 suas
469 1023 578 1086 neque
602 1022 719 1085 preces
738 1000 846 1065 audiri
869 998 1040 1084 intellegit,
1063 1021 1166 1065 unam
1188 1008 1227 1067 ut
1241 1001 1278 1066 in

200 1108 331 1174 miseris
349 1109 448 1172 rebus
468 1129 563 1190 spem
581 1106 745 1192 reliquam
768 1106 886 1172 salutis
903 1127 977 1171 esse
996 1106 1175 1171 arbitratus
1197 1129 1277 1192 pro-

199 1215 308 1278 ximos
326 1212 427 1277 colles
443 1233 564 1296 capere
580 1211 756 1276 universos
776 1217 876 1295 atque
891 1233 930 1277 eo
945 1211 1043 1296 signa
1062 1211 1149 1277 ferre
1171 1212 1276 1293 iubet,

199 1322 261 1385 hos
293 1341 424 1405 quoque
457 1322 679 1403 praeoccupat
712 1317 835 1382 missus
864 1339 885 1382 a
917 1318 1065 1383 Saburra
1094 1318 1275 1402 equitatus

154 1439 176 1480 ·‘-‘
199 1434 272 1490 tum
294 1448 375 1491 vero
399 1427 443 1490 ad
466 1445 634 1490 summam
658 1424 922 1509 desperationem
948 1425 1052 1490 nostri
1075 1427 1277 1509 perveniunt

200 1539 232 1598 et
254 1532 377 1617 partim
407 1531 575 1615 fugientes
603 1531 645 1595 ab
674 1531 822 1615 equitatu
854 1531 1119 1605 interficiuntur,
1150 1533 1276 1616 partim

162 1639 320 1724 cintegri
343 1640 579 1723 procumbunt.
625 1639 776 1703 hortatur
805 1638 984 1704 Curionem
1016 1638 1077 1704 Cn.
1109 1640 1276 1705 Domitius

200 1747 390 1830 praefectus
415 1746 564 1832 equitum
587 1767 665 1810 cum
683 1744 801 1830 paucis
819 1745 987 1828 equitibus
1012 1745 1274 1826 circumsistens,

199 1860 236 1919 nt
258 1854 341 1937 fuga
363 1854 505 1918 salutem
523 1857 615 1936 petat
638 1858 739 1936 atque
767 1850 802 1915 in
826 1856 935 1916 castra
959 1853 1150 1932 contendat,
1174 1858 1207 1917 ot
1237 1875 1274 1920 se

162 1983 175 2023 4
199 1961 242 2024 ab
266 1980 304 2024 eo
329 1980 394 2023 non
417 1959 644 2023 discessurum
671 1957 855 2042 pollicetur.
903 1963 938 2022 at
968 1958 1069 2024 Curio
1099 1980 1274 2043 nunquam

199 2088 235 2131 se
259 2066 382 2132 amisso
406 2065 565 2145 exercitu,
597 2087 740 2149 quema
770 2064 915 2130 Caesare
945 2065 1023 2130 fidei
1055 2066 1273 2130 commissum

199 2173 374 2257 acceperit,
398 2173 433 2238 in
457 2173 529 2238 eius
552 2178 768 2255 conspectum
790 2193 1003 2238 reversurum
1026 2172 1201 2236 confirmat
1219 2177 1273 2237 at-

153 2301 174 2342 r»
199 2302 263 2365 que
287 2280 334 2345 ita
363 2280 530 2365 proelians
560 2279 766 2343 interficitur.
813 2279 940 2363 equites
975 2301 1016 2343 ex
1043 2279 1169 2363 proelio
1198 2301 1273 2363 per-

197 2385 298 2469 pauci
321 2408 357 2451 se
374 2387 554 2469 recipiunt3
586 2387 646 2450 sed
674 2385 707 2466 ii,
732 2407 815 2469 quos
839 2388 882 2450 ad
905 2385 1124 2450 novissimum
1149 2408 1272 2472 agmen

197 2514 355 2576 equorum
380 2492 632 2558 reficiendorum
659 2514 763 2558 causa
786 2493 973 2558 substitisse
1004 2495 1271 2562 demonstratum

197 2603 257 2678 est,
280 2599 363 2682 luga
385 2597 486 2663 totius
503 2598 668 2664 exercitus
686 2597 803 2682 procul
821 2596 1055 2662 animadversa
1079 2618 1153 2663 sese
1176 2599 1270 2664 inco-

195 2704 303 2769 lumes
321 2705 357 2769 in
382 2711 492 2770 castra
515 2705 698 2773 conserunt.
746 2703 867 2769 milites
890 2706 934 2768 ad
956 2725 1060 2768 unum
1085 2725 1200 2770 omnes
1217 2706 1271 2771 in-

196 2812 412 2877 terficiuntur.

161 2940 170 2980 1
284 2919 408 2984 XLIII.
433 2917 495 2983 His
518 2919 620 2982 rebus
644 2917 788 3002 cognitis
811 2915 958 2982 Marcius
982 2916 1089 2982 Rufus
1114 2923 1270 3002 quaestor

194 3026 229 3090 io
253 3025 371 3091 castris
390 3025 527 3091 relictus
551 3046 571 3089 a
600 3026 743 3091 Curione
765 3025 956 3090 cohortatur
978 3045 1067 3105 sues
1090 3047 1133 3090 ne
1156 3025 1268 3090 animo

195 3133 360 3203 deficiant.
405 3132 454 3197 illi
476 3137 573 3197 orant
595 3138 695 3218 atque
719 3133 903 3211 obsecrant,
922 3138 959 3197 ut
981 3131 1016 3196 in
1035 3132 1183 3198 Siciliam
1207 3153 1269 3196 na-

195 3240 294 3305 vibus
316 3246 536 3324 reportentur.
584 3241 756 3324 pollicetur
778 3238 1014 3324 magistrisque
1041 3239 1184 3323 imperat
1205 3260 1268 3302 na-

194 3347 297 3427 vium,
318 3353 354 3413 ut
375 3347 482 3432 primo
498 3367 639 3430 vespere
654 3367 767 3410 omnes
784 3345 929 3429 scaphas
948 3348 992 3411 ad
1007 3346 1086 3410 litus
1109 3344 1268 3429 appulsas

151 3474 171 3515 a
195 3456 351 3520 habeant.
397 3455 456 3519 sed
479 3459 591 3519 tantus
614 3455 679 3520 luit
701 3454 851 3519 omnium
874 3459 985 3534 terror,
1009 3461 1047 3518 ut
1070 3452 1127 3517 alii
1149 3454 1268 3518 adesse

195 3564 308 3646 copias
324 3564 427 3628 Iubae
442 3562 599 3642 dicerent,
616 3563 673 3627 alii
689 3585 766 3628 cum
782 3562 971 3648 legionibus
989 3562 1114 3626 instare
1137 3560 1267 3626 Varum

193 3669 327 3753 iamque
350 3669 572 3754 sepulverem
591 3669 795 3735 venientium
814 3690 960 3749 cernere,
984 3690 1125 3753 quarum
1150 3689 1264 3732 rernm

193 3775 424 3841 nihilomnino
443 3776 620 3858 acciderat,
637 3776 693 3842 alii
711 3776 854 3842 classem
872 3775 1017 3841 hostium
1038 3774 1188 3840 celeriter
1204 3775 1266 3839 ad-
