2768 4200
419 207 538 265 COMM.
557 208 609 262 ΠΙ.
630 208 714 264 ΟΑΡ.
733 207 923 264 XVII—XX.
1170 205 1206 259 87

136 374 241 438 multa
265 372 459 457 suppliciter
481 372 613 435 locutus
637 348 696 451 est,
720 377 757 435 ut
786 373 827 436 de
851 391 913 435 sua
934 376 1034 454 atque
1058 369 1206 433 omnium
1230 385 1243 428 3

134 482 243 545 salute
267 480 419 559 debebat,
437 478 633 561 silentioque
656 480 698 542 ab
715 478 865 563 utrisque
881 478 1043 543 militibus
1062 476 1206 541 auditus

136 609 333 672 responsum
353 594 404 651 est
422 588 464 651 ab
488 586 592 650 altera
611 591 705 670 parte
721 586 845 650 Aulum
862 586 1047 650 Varronem
1062 583 1208 668 profiteri

136 719 174 761 se
201 696 303 760 altero
326 695 381 759 die
405 696 448 758 ad
472 693 674 777 colloquium
698 699 877 758 venturum
904 698 1003 776 atque
1025 712 1094 784 una
1115 690 1208 754 visu-

136 826 224 882 rum,
248 804 530 886 quemadmodum
553 807 623 866 tuto
654 799 756 884 legati
779 799 893 864 venire
917 804 949 862 et
973 819 1057 883 quae
1086 797 1209 862 vellent

137 931 303 993 exponere
325 914 477 993 possent;
495 916 688 991 certumque
705 906 736 970 ci
759 906 807 971 rei
831 912 963 989 tempus
986 905 1208 970 constituitur.

138 1039 205 1102 quo
230 1038 305 1081 cum
341 1021 429 1081 esset
462 1025 594 1100 postero
630 1014 682 1078 die
713 1024 868 1087 ventum,
898 1034 1022 1097 magna
1044 1012 1246 1097 utrimque*

138 1125 316 1190 multitudo
340 1123 515 1202 convenit3
538 1144 728 1208 magnaque
752 1129 823 1188 erat
846 1121 1050 1206 exspectatio
1067 1121 1139 1185 eius
1153 1120 1211 1199 rei,

138 1238 239 1315 atquo
263 1231 411 1295 omnium
436 1230 538 1294 animi
561 1229 680 1294 intenti
704 1251 778 1295 esse
798 1231 841 1294 ad
859 1249 976 1312 pacem
1000 1227 1211 1291 videbantur.

139 1361 207 1424 qua
230 1362 270 1403 ex
295 1338 482 1424 frequentia
504 1338 599 1403 Titus
622 1337 792 1403 Labienus
807 1337 931 1422 prodit;
955 1335 1065 1400 sedis
1088 1334 1212 1400 omissa
1234 1348 1247 1389 5
1270 1405 1274 1427 Ι

139 1446 286 1511 oratione
307 1444 424 1538 [loquil
455 1449 496 1512 de
528 1467 612 1530 pace
637 1442 765 1535 [atque]
791 1435 947 1509 altercari
971 1464 1046 1507 cum
1078 1426 1212 1507 Vatinio

139 1552 265 1636 incipit.
313 1574 452 1637 quorum
476 1552 623 1617 mediam
638 1550 819 1617 orationem
836 1549 1081 1632 interrumpunt
1104 1547 1250 1612 subitot

140 1661 289 1744 undique
306 1661 371 1726 tela
394 1660 566 1738 immissa3
592 1680 677 1744 quae
700 1658 756 1722 ille
779 1660 929 1722 obtectus
952 1655 1054 1722 armis
1072 1655 1216 1719 militum

141 1766 278 1832 vitavit:
306 1767 660 1831 vulnerantur·tamen
685 1761 883 1846 complures,
907 1763 941 1826 in
964 1762 1018 1827 his
1042 1761 1216 1826 Cornelius

141 1874 279 1953 Balbus,
302 1873 348 1938 M.
373 1872 512 1949 Plotius,
536 1872 574 1935 L.
599 1871 778 1951 Tiburtius
797 1869 1006 1934 centuriones
1030 1869 1216 1953 militesque

144 1982 304 2063 nonnulli.
352 1986 423 2044 turn
438 1981 623 2045 Labienus:
642 1978 808 2044 ‘desinite
824 1999 903 2062 ergo
919 1979 960 2041 de
979 1976 1217 2061 compositione
1239 1998 1252 2040 i

142 2089 252 2170 loqui:
276 2110 354 2154 nam
377 2088 474 2152 nobis
508 2087 573 2151 nisi
606 2086 760 2152 Caesaris
787 2086 896 2170 capite
920 2085 1022 2151 relato
1049 2107 1116 2170 pax
1145 2106 1218 2151 esse

144 2195 238 2259 nulla
259 2195 398 2279 potest’

232 2303 308 2374 XX.
333 2303 446 2404 Isdem
480 2299 686 2383 temporibus
721 2301 767 2365 M.
791 2300 924 2366 Coelius
954 2300 1060 2366 Rufus
1085 2305 1217 2382 praetor
1241 2323 1251 2364 1

144 2431 248 2475 causa
283 2410 471 2475 debitorum
503 2415 658 2492 suscepta
691 2408 784 2472 initio
820 2409 1038 2493 magistratus
1069 2408 1216 2474 tribunal

144 2539 243 2582 suuni
267 2517 360 2582 iuxta
384 2516 422 2581 O.
447 2515 602 2580 Trebonii
631 2515 792 2599 praetoris
816 2518 936 2582 urbani
960 2517 1077 2582 sellam
1114 2517 1215 2581 collo·
1245 2558 1248 2579 ι

143 2623 234 2689 cavit
252 2629 294 2703 et,
319 2623 347 2688 si
371 2623 446 2708 quis
469 2624 707 2708 appellavisset
730 2625 771 2688 de
789 2625 1018 2690 aestimatione
1042 2630 1074 2690 et
1097 2626 1138 2688 de
1161 2645 1216 2688 so-

143 2729 334 2808 lutionibus,
354 2751 439 2814 quae
458 2752 517 2814 per
533 2731 696 2796 arbitrum
710 2732 835 2812 fierent,
859 2738 895 2796 ut
919 2731 1044 2797 Caesar
1057 2752 1216 2816 praesens

144 2837 369 2916 constituerat,
392 2839 462 2902 sore
481 2838 603 2902 auxilio
621 2839 848 2922 pollicebatur.
895 2841 955 2903 sed
978 2839 1077 2904 fiebat
1100 2837 1215 2923 aequi·
1238 2857 1251 2899 2

144 2945 211 3004 tate
235 2942 358 3006 decreti
382 2950 414 3007 et
436 2943 644 3009 humanitate
669 2945 834 3025 Trebonii‚
854 2945 913 3029 qui
936 2945 989 3009 his
1011 2945 1216 3029 temporibus

143 3045 324 3110 clementer
346 3055 378 3111 et
402 3049 571 3113 moderate
588 3049 641 3112 ius
664 3050 842 3115 dicendum
867 3052 1087 3130 existimabat,
1110 3056 1147 3117 ut
1162 3073 1216 3116 re-

145 3153 242 3238 periri
265 3175 331 3217 non
355 3161 500 3237 possent,
525 3178 545 3219 a
572 3156 693 3240 quibus
728 3156 860 3221 initium
884 3158 1076 3242 appellandi
1099 3180 1216 3222 nasce-

144 3268 244 3326 retur.
290 3282 369 3326 nam
399 3263 539 3327 sortasse
567 3262 716 3347 inopiam
739 3268 909 3329 'excusare
938 3271 971 3330 et
993 3265 1215 3330 calamitatem
1239 3285 1252 3327 a

144 3377 201 3435 aut
224 3369 393 3453 propriam
418 3391 514 3434 suam
539 3376 597 3436 aut
620 3379 806 3456 temporum
831 3372 926 3458 queri
950 3379 982 3438 et
1005 3373 1217 3439 difficultates

144 3476 357 3541 auctionandi
381 3497 564 3560 proponere
589 3477 690 3542 etiam
714 3478 891 3543 mediocris
915 3486 966 3544 est
989 3479 1108 3559 animi3
1132 3479 1217 3546 inte-

143 3605 223 3668 gras
246 3605 325 3648 vero
349 3590 460 3648 tenere
483 3584 720 3668 possessiones
744 3585 801 3670 qui
833 3607 870 3650 se
893 3587 1012 3651 debere
1043 3588 1218 3668 fateantur,

143 3691 239 3755 cuius
263 3691 365 3756 animi
389 3697 447 3756 aut
473 3691 568 3756 cuius
591 3691 818 3775 impudentiae
842 3695 913 3759 est?
936 3694 1048 3778 itaque
1071 3694 1135 3758 hoc
1162 3694 1253 3779 qui4

144 3800 338 3882 postularet,
372 3799 597 3883 reperiebatur
625 3820 733 3878 neruo,
765 3805 864 3884 atque
888 3801 980 3885 ipsis,
1004 3803 1047 3864 ad
1077 3822 1217 3884 quorum
