2768 4200
449 203 569 259 COMM.
589 203 626 258 II.
648 203 732 261 CAP.
752 201 899 256 X-XlV.
971 270 985 287 ‚
1178 199 1213 253 55

137 376 174 434 et
197 367 423 454 cognoscendi
438 367 598 431 seruntur.
645 365 703 431 ubi
726 365 842 430 hostes
865 367 908 429 ad
930 364 1059 448 legatos
1084 362 1248 428 anerei-2

142 483 280 560 tumque
308 477 548 557 pervenerunt,
580 470 729 536 universi
760 492 796 536 se
828 472 871 534 ad
899 472 1001 554 pedes
1032 469 1212 554 proiciunt;

139 588 248 660 orant,
271 588 308 648 nt
331 582 496 646 adventus
519 579 672 644 Caesaris
701 582 926 662 exspectetur:
960 583 1094 661 captam
1117 596 1212 640 suam
1235 590 1248 631 3

142 690 260 753 urbem
283 687 415 767 videre3
439 707 540 770 opera
562 684 722 769 perfecta,
745 682 864 748 turrim
888 684 1076 760 subrutam3
1099 681 1213 765 itaque

139 799 185 862 ab
210 795 400 861 defensione
430 794 600 863 desistere.
648 794 775 858 nullam
807 791 925 857 exoriri
948 812 1075 856 moram
1105 812 1214 875 posse,
1257 802 1258 805 ’

136 924 208 986 quo
238 902 359 982 minus,
390 923 468 967 cum
491 900 648 980 venisset,
671 900 700 964 si
722 899 885 985 imperata
907 921 974 963 non
998 900 1148 964 facerent
1170 900 1213 964 ad

141 1015 271 1087 nutum,
295 1008 469 1092 evestigio
493 1007 723 1091 diriperentur.
770 1009 899 1086 docent,
914 1007 941 1071 si
958 1007 1093 1071 omniuo
1115 1007 1248 1072 turris4

138 1115 353 1195 concidisset,
376 1138 441 1180 non
466 1135 563 1199 posse
586 1115 708 1180 milites
731 1113 901 1195 contineri,
933 1114 1012 1198 quin
1036 1135 1094 1197 spe
1121 1135 1213 1197 prae-

138 1225 205 1288 dae
234 1224 270 1288 in
300 1225 418 1314 urbem
450 1223 672 1307 irrumperent
705 1224 889 1306 urbemque
918 1222 1076 1287 delerent.
1128 1221 1212 1286 haec

139 1337 241 1414 atque
258 1331 405 1395 eiusdem
422 1331 554 1415 generis
572 1331 746 1414 complura
769 1337 805 1396 ut
828 1331 871 1396 ab
893 1330 1085 1396 hominibus
1107 1328 1213 1395 doctis

139 1458 266 1521 magna
288 1459 365 1502 cum
390 1437 616 1502 misericordia
637 1439 782 1521 fletuque
804 1437 1069 1522 pronuntiantur.

231 1545 326 1609 XIII.
346 1544 476 1625 Quibus
494 1546 596 1609 rebus
613 1544 769 1610 commoti
787 1543 891 1628 legati
914 1543 1034 1608 milites
1051 1565 1091 1607 ex
1114 1564 1212 1627 opere
1237 1553 1244 1592 ¹

137 1653 320 1730 deducunt,
339 1650 587 1734 oppugnatione
605 1650 780 1730 desistunt,
796 1650 952 1734 operibus
976 1650 1145 1717 custodias
1160 1672 1213 1714 re·
1300 1673 1304 1681 ·

139 1757 307 1842 linquunt,
347 1757 554 1821 indutiarum
573 1759 715 1840 quodam
734 1778 857 1842 genere
876 1756 1105 1822 misericordia
1123 1758 1212 1822 sacto
1235 1766 1248 1806 2

138 1868 306 1930 adventus
335 1863 490 1929 Caesaris
519 1871 742 1947 exspectatur.
788 1865 917 1930 nullum
941 1888 983 1930 ex
1006 1886 1112 1944 muro,
1135 1867 1211 1930 nnl-

140 1972 211 2035 lum
234 1993 254 2035 a
277 1970 400 2036 nostris
416 1970 558 2035 mittitur
575 1970 695 2036 telum:
719 1978 813 2037 utre
837 1973 990 2037 confecta
1013 1993 1127 2036 omnes
1151 1994 1211 2036 ou-

138 2099 213 2141 ram
236 2084 269 2142 et
291 2077 499 2162 diligentiam
522 2077 705 2146 remittunt.
746 2077 871 2143 Caesar
893 2077 982 2143 enim
1005 2099 1064 2162 per
1085 2077 1212 2143 litteras
1234 2093 1247 2134 3

139 2183 304 2247 Trebonio
328 2203 530 2266 magnopere
554 2185 781 2264 mandaverat,
804 2206 846 2249 ne
870 2205 929 2267 per
958 2183 1028 2248 vim
1052 2184 1212 2269 oppidum

135 2290 326 2375 expugnari
348 2296 526 2373 pateretur,
549 2313 590 2355 ne
613 2291 751 2374 gravius
774 2290 914 2374 permoti
946 2290 1068 2355 milites
1091 2298 1123 2357 et
1153 2294 1212 2356 de-

139 2397 292 2462 lectionis
315 2396 391 2461 odio
415 2402 448 2462 et
472 2396 717 2480 contemptione
736 2397 788 2462 sui
811 2402 844 2462 et
861 2396 991 2480 diutino
1008 2397 1122 2463 labore
1138 2420 1210 2463 om-

138 2527 199 2570 nes
217 2506 359 2591 puberes
376 2505 608 2571 interficerent.
655 2505 744 2588 quod
763 2526 799 2569 se
817 2504 965 2570 facturos
987 2505 1211 2586 minabantur,
1234 2523 1246 2562 4

135 2636 307 2699 aegreque
326 2622 398 2680 tum
430 2619 508 2678 sunt
536 2611 665 2693 retenti,
694 2612 775 2698 quin
802 2615 841 2678 in
865 2613 1025 2699 oppidum
1047 2615 1211 2699 irrumpe-

138 2728 226 2802 rent3
256 2721 473 2804 graviterque
497 2741 571 2784 eam
596 2741 668 2784 rem
697 2720 852 2801 tulerunt,
885 2723 974 2805 quod
998 2721 1129 2785 stetisse
1151 2742 1211 2805 per

136 2827 354 2901 Trebonium,
379 2847 444 2910 quo
467 2825 579 2889 minus
601 2825 722 2908 oppido
745 2827 940 2909 potirentur,
961 2827 1148 2891 videbatur.

229 2930 322 2997 XIV.
344 2932 390 2996 At
412 2933 525 2996 hostes
547 2931 618 2996 sine
640 2931 704 2996 fide
727 2938 858 3015 tempus
881 2939 981 3016 atque
1003 2931 1211 2996 occasionem
1235 2947 1246 2988 1

139 3036 268 3101 fraudis
284 3058 324 3100 ac
340 3036 408 3100 doli
423 3044 587 3122 quaerunt
601 3037 846 3123 interiectisque
870 3039 996 3123 aliquot
1018 3038 1136 3104 diebus
1150 3062 1212 3104 no-

135 3143 218 3208 stris
232 3142 469 3226 languentibus
486 3151 585 3228 atquo
602 3144 713 3207 animo
728 3144 875 3210 remissis
894 3146 1004 3211 subito
1027 3147 1211 3211 meridiano

137 3257 298 3334 tempore,
323 3270 401 3313 oum
424 3248 509 3314 alius
531 3250 751 3331 discessisset,
775 3251 859 3316 alins
883 3275 923 3317 ex
947 3253 1075 3317 diutino
1096 3254 1210 3318 labore

138 3358 175 3422 in
202 3358 286 3441 ipsis
314 3357 469 3440 operibus
498 3357 600 3441 quieti
634 3378 669 3423 se
694 3359 849 3439 dedisset,
873 3381 967 3425 arma
989 3383 1069 3426 vero
1098 3362 1211 3426 omnia

135 3465 286 3550 seposita
309 3470 529 3547 contectaque
552 3471 673 3547 essent,
696 3466 800 3550 portis
819 3466 883 3554 [se]
907 3467 997 3533 foras
1021 3476 1210 3552 erumpunt,

135 3575 284 3637 secundo
297 3592 487 3656 magnoque
502 3576 602 3636 vento
620 3571 731 3656 iguem
748 3572 905 3657 operibus
919 3575 1075 3640 inferunt.
1121 3577 1210 3641 hunc
1232 3599 1246 3640 a

136 3680 189 3744 sic
217 3678 346 3744 distulit
376 3683 514 3757 ventus,
548 3678 596 3742 uti
618 3700 684 3743 uuo
707 3686 856 3765 tempore
880 3703 993 3767 agger,
1017 3682 1130 3766 plutei,
1159 3690 1210 3750 te-

137 3789 247 3868 studo,
275 3786 385 3868 turriS,
419 3793 583 3852 tormenta
614 3787 783 3852 flammam
809 3789 1030 3874 conciperent,
1062 3796 1095 3855 et
1118 3792 1211 3874 prius
