2768 4200
407 217 527 274 COMM.
547 218 568 272 l.
591 218 673 276 CAP.
693 218 889 274 LXI—LXV.
1142 219 1177 274 35

107 382 192 448 saris
212 381 331 447 castris
347 386 443 446 erant
463 380 652 461 coniuncta,
673 380 870 444 cernebatur
889 378 1055 462 equitatus
1071 381 1175 447 nostri

105 489 230 573 proelio
253 488 454 553 novissimos
485 487 615 551 illorum
649 486 755 571 premi
778 486 993 551 vehementer
1023 508 1063 551 ae
1092 510 1177 553 non-

105 620 288 684 numquam
309 597 492 663 subsistere
511 602 697 661 extremum
716 616 838 680 agmen
847 595 953 679 *idque
969 596 1175 682 interrumpi,

105 707 188 771 alias
212 703 328 769 inferri
344 703 440 787 signa
456 709 489 767 et
506 703 739 767 universarum
758 701 942 766 cohortium
966 703 1091 787 impetu
1114 728 1175 769 uo-

104 820 189 878 stros
213 811 361 896 propelli,
379 809 456 874 dein
475 830 592 873 rursus
609 829 788 873 conversos
810 809 950 892 insequi.
998 810 1075 875 totis
1094 833 1175 876 vero
1199 827 1212 867 2

103 919 222 984 castris
246 917 367 982 milites
395 915 548 980 circulari
581 923 614 981 et
645 916 757 980 dolere
789 916 918 981 hostem
951 936 991 979 ex
1021 916 1176 982 manibus

103 1024 236 1103 dimitti,
259 1023 383 1088 bellum
411 1021 600 1087 necessario
624 1022 756 1107 lougius
783 1021 878 1103 duci3
903 1023 1176 1107 centurionesque

103 1132 321 1215 tribunosque
344 1129 487 1194 militum
518 1129 609 1194 adire
642 1136 742 1214 atque
766 1130 950 1208 obsecrare,
974 1136 1010 1195 ut
1037 1150 1176 1213 percos

104 1238 232 1302 Caesar
254 1236 372 1301 certior
396 1236 497 1316 fieret,
520 1258 563 1302 ne
586 1237 692 1302 labori
715 1259 775 1302 suo
799 1259 864 1301 neu
887 1237 1034 1320 periculo
1056 1259 1175 1322 parce-

103 1351 170 1411 ret:
193 1350 327 1430 paratos
350 1365 421 1409 esse
445 1365 527 1425 sese,
551 1365 649 1428 posse
677 1349 709 1409 et
732 1346 855 1409 audere
881 1364 921 1407 ca
944 1345 1083 1409 transire
1113 1345 1175 1409 ssu-

103 1475 190 1531 men,
215 1473 281 1536 qua
312 1453 526 1517 transductus
558 1457 645 1516 esset
676 1451 853 1535 equitatus.
901 1472 1041 1535 quorum
1065 1451 1212 1516 studio-r

102 1567 135 1626 et
157 1561 296 1625 vocibus
321 1560 483 1625 excitatus
508 1559 642 1640 Caesar,
666 1559 728 1625 etsi
747 1559 886 1623 timebat
909 1564 1020 1623 tantae
1043 1559 1175 1642 magni-

101 1667 209 1734 tudini
225 1666 371 1732 fluminis
388 1665 571 1732 exercitum
587 1667 727 1746 obicere,
747 1667 936 1731 conandum
953 1671 1064 1730 tamen
1076 1672 1175 1750 atque

101 1774 338 1858 experiendum
360 1772 496 1837 iudicat.
543 1773 655 1857 itaque
673 1773 872 1837 infirmiores
895 1771 1016 1836 milites
1040 1794 1080 1836 ex
1103 1794 1174 1836 om·
1197 1787 1211 1826 4

100 1884 199 1948 nibus
216 1882 374 1947 centuriis
391 1880 492 1964 deligi
507 1880 608 1959 iubet,
625 1902 766 1964 quorum
785 1887 844 1944 aut
868 1879 998 1943 animus
1014 1885 1071 1944 aut
1087 1880 1175 1945 vires

100 1989 301 2052 videbantur
324 1987 488 2051 sustinere
518 2007 585 2049 non
608 2007 715 2069 posse.
761 1987 824 2049 hos
854 2007 930 2049 cum
954 1985 1084 2068 legione
1107 1997 1211 2050 una5

100 2091 267 2174 praesidio
299 2091 417 2156 eastris
449 2090 624 2174 relinquit3
654 2091 800 2174 reliquas
831 2091 978 2175 legiones
1002 2092 1174 2175 expeditas

101 2197 213 2262 educit
235 2217 424 2280 magnoque
448 2217 586 2261 numero
609 2196 832 2262 iumentorum
856 2198 1049 2263 influmine
1072 2221 1174 2284 supra

100 2312 201 2388 atque
224 2304 311 2369 iusra
341 2303 518 2368 constituto
552 2304 738 2369 transducit
768 2306 961 2371 exercitum.
1008 2307 1108 2390 pauci
1133 2319 1210 2372 ext

99 2411 153 2475 his
177 2410 336 2475 militibus
360 2410 490 2494 abrepti
513 2410 547 2474 vi
561 2411 710 2476 fluminis
727 2414 769 2477 ab
790 2413 939 2497 equitatu
963 2415 1174 2498 excipiuntur

99 2540 139 2582 ac
163 2516 401 2595 sublevantum
425 2517 536 2582 interit
566 2523 679 2582 tamen
703 2540 811 2583 nemo.
857 2521 1049 2584 transducto
1079 2521 1171 2585 inco-

97 2625 181 2690 lumi
204 2624 348 2690 exercitu
373 2625 486 2708 copias
510 2625 643 2690 instruit
666 2625 896 2711 triplicemque
920 2627 1027 2690 aciem
1051 2629 1172 2693 ducere

10 2731 36 2747 “’
99 2731 230 2815 incipit:
255 2753 294 2796 ae
314 2738 444 2796 tanturn
459 2732 522 2797 fuit
537 2732 572 2796 in
591 2732 751 2797 militibus
775 2733 887 2813 studii,
911 2740 948 2798 ut
972 2734 1100 2798 milium
1115 2756 1171 2798 sex
1196 2747 1208 2788 7

264 2840 375 2905 addito
403 2839 544 2904 circuitu
578 2861 768 2924 magnaque
799 2843 843 2905 ad
870 2843 996 2904 vadum
1026 2842 1171 2906 ssuminis

267 2947 408 3029 erposita
427 2968 493 3019 eoS,
518 2947 576 3031 qui
595 2946 636 3010 de
660 2948 756 3012 tertia
775 2946 893 3030 vigilia
917 2946 1071 3020 exissent,
1096 2954 1172 3012 ante

275 3053 304 3116 ei
323 3053 382 3117 IX.
405 3059 694 3136 consequerentur.

313 3158 406 3239 Quos
430 3160 487 3223 ubi
511 3159 673 3223 Afranius
692 3158 808 3241 procul
831 3158 921 3222 visos
938 3180 1014 3223 cum
1037 3158 1167 3223 Petreio
1196 3177 1205 3216 1

302 3286 390 3331 nova
405 3287 440 3329 re
458 3265 653 3349 perterritus
668 3265 752 3329 locis
771 3265 997 3348 superioribus
1021 3265 1172 3331 constitit

243 3392 268 3434 e
291 3370 435 3441 iustruit.
483 3371 607 3436 Caesar
636 3371 673 3435 in
697 3369 825 3454 campis
849 3370 1167 3451 exercitumreficit,
1194 3400 1207 3440 r

228 3501 328 3544 :ssum
359 3480 484 3563 proelio
508 3480 648 3560 obiciat3
678 3501 794 3545 rursus
825 3485 985 3545 conantes
1012 3477 1169 3566 progredi

221 3593 279 3651 tur
302 3593 335 3651 et
364 3592 522 3652 moratur.
568 3587 617 3651 illi
646 3587 834 3652 necessario
865 3587 1039 3668 maturius,
1069 3610 1169 3672 quam
1193 3617 1207 3659 3

220 3701 350 3775 ierant,
380 3702 490 3760 castra
523 3702 662 3778 ponunt.
716 3696 876 3760 suberant
908 3696 995 3760 enirn
1025 3702 1169 3775 montes,

217 3822 238 3865 a
261 3802 396 3868 milibus
419 3824 580 3887 passuum
604 3802 635 3867 V
657 3802 775 3867 itinera
804 3802 955 3868 difficilia
985 3809 1092 3884 atque
1112 3824 1182 3861 an-
