2768 4200
353 206 476 272 COMM.
497 209 549 272 III.
570 213 654 272 CAP.
675 208 1003 272 LXXXI-LXXXIV.
1167 209 1217 272 123

146 375 373 463 proficiscenti
395 377 583 466 recepisset,
608 400 649 444 ne
673 399 731 463 per
754 377 825 443 eius
844 377 1074 444 auctoritatem
1097 378 1217 463 decep-

147 490 201 549 tus
224 483 406 566 videretur,
430 485 558 570 reliqui,
581 485 744 551 inlabere
762 485 835 570 pari
852 507 891 550 ao
906 484 1052 571 periculo
1071 507 1112 551 ne
1132 507 1218 551 unus

148 613 268 665 omnes
291 596 509 675 antecederet,
533 600 734 661 recusarent.

237 702 428 768 LXXXIII.
445 703 517 768 Iam
535 705 575 769 de
590 702 775 770 sacerdotio
786 701 940 769 Caesaris
952 702 1128 785 Domitius,
1144 702 1216 769 Sci·
1242 717 1251 760 1

148 809 213 894 pio,
237 808 459 895 Spintherque
481 810 643 876 Lentulus
675 809 851 876 cotidianis
884 809 1149 876 contentionibus
1172 813 1215 876 ad

147 917 365 1004 gravissimas
388 921 565 985 verborum
590 919 809 985 contumelias
833 920 944 1004 palam
967 919 1217 1001 descenderant,

148 1049 223 1093 cum
242 1027 403 1094 Lentulus
427 1027 545 1093 aetatis
574 1027 735 1094 honorem
758 1034 946 1108 ostentaret,
972 1027 1137 1093 Domitius
1161 1050 1217 1093 ur-

147 1137 270 1202 banam
295 1137 438 1221 gratiam
462 1135 724 1221 dignitatemque
747 1135 895 1217 iactaret,
920 1135 1030 1221 Scipio
1055 1135 1216 1202 affinitate

145 1243 285 1328 Pompei
309 1242 498 1310 confideret.
544 1244 727 1328 postulavit
751 1243 850 1310 etiam
875 1244 912 1316 L.
937 1244 1114 1310 Afranium
1137 1265 1214 1329 pro·
1239 1273 1251 1314 a

147 1352 282 1418 ditionis
305 1351 470 1419 exercitus
493 1351 634 1417 Acutius
656 1352 761 1417 Rufus
785 1353 875 1437 apud
898 1351 1093 1436 Pompeium
1114 1349 1215 1444 [quod

146 1467 278 1547 gestum
301 1460 335 1525 in
357 1459 519 1546 Hispania
542 1457 690 1551 diceretl,
713 1467 746 1527 et
762 1461 801 1526 L.
825 1460 992 1526 Domitius
1022 1460 1056 1525 in
1079 1460 1215 1526 consilio
1239 1487 1252 1528 a

146 1569 231 1635 dixit
252 1568 383 1654 placere
409 1568 474 1632 sibi
492 1567 579 1633 bello
605 1568 754 1633 conlecto
778 1574 890 1635 ternas
914 1568 1053 1634 tabellas
1078 1568 1149 1634 dari
1173 1570 1216 1634 ad

146 1677 361 1744 iudicandum
384 1676 435 1757 iis,
460 1676 516 1761 qui
541 1675 665 1741 ordinis
682 1682 793 1741 essent
808 1675 965 1742 senatorii
982 1676 1134 1760 belloque
1149 1698 1216 1741 una

146 1808 223 1853 cum
245 1785 327 1870 ipsis
350 1785 589 1867 interfuissent,
615 1785 862 1871 sententiasque
886 1787 927 1851 de
957 1785 1099 1871 singulis
1129 1786 1215 1867 ferri,

146 1892 203 1977 qui
225 1892 349 1958 Romae
371 1891 611 1958 remansissent
635 1892 756 1977 quique
779 1893 866 1959 intra
888 1892 1055 1979 praesidia
1078 1893 1216 1978 Pompei

146 1999 288 2065 luissent
305 2021 411 2084 neque
427 2021 561 2085 operam
578 2000 613 2065 in
633 2022 668 2065 re
687 2000 823 2065 militari
842 2000 1098 2084 praestitissent:
1114 2022 1216 2066 unam
1240 2028 1252 2069 i

147 2106 216 2169 lore
239 2105 405 2188 tabellam,
435 2128 501 2192 qua
522 2107 709 2173 liberandos
733 2108 824 2173 omni
852 2108 996 2193 periculo
1021 2115 1216 2192 censerent3

147 2212 295 2294 alteram,
330 2234 396 2299 qua
420 2215 538 2300 capitis
570 2217 782 2296 damnarent3
807 2216 947 2296 tertiam,
980 2238 1046 2301 qua
1074 2217 1216 2302 pecunia

147 2319 335 2387 multarent.
380 2327 547 2406 postremo
571 2345 685 2389 omnes
710 2332 766 2390 ant
790 2325 831 2388 de
854 2323 1034 2390 honoribus
1064 2324 1134 2390 suis
1158 2329 1216 2390 aut
1239 2353 1251 2392 ς»

145 2428 188 2494 de
203 2427 361 2513 praemiis
375 2430 537 2514 pecuniae
553 2436 609 2496 aut
626 2432 666 2495 de
685 2431 924 2515 persequendis
936 2431 1119 2498 inimicitiis
1135 2453 1216 2517 age-

145 2536 227 2601 bant
244 2557 361 2620 neque,
381 2537 501 2621 quibus
517 2538 701 2603 rationibus
721 2560 878 2624 superare
893 2545 1037 2623 possent,
1055 2541 1114 2606 sed
1133 2560 1215 2624 que-

146 2646 361 2711 madmodum
384 2646 433 2711 uti
456 2646 597 2712 victoria
619 2647 788 2728 deberent,
813 2647 1014 2733 cogitabant.

232 2752 420 2818 LXXXIV.
456 2753 503 2818 Ite
532 2754 749 2820 frumentaria
772 2761 970 2840 praeparata
994 2754 1214 2821 confirmatis·
1240 2782 1247 2823 1

146 2881 211 2946 que
229 2859 389 2925 militibus
414 2867 446 2926 et
468 2861 549 2926 satis
571 2862 671 2946 longo
695 2863 802 2946 spatio
826 2861 982 2946 temporis
999 2883 1019 2926 a
1035 2862 1215 2948 Dyrrachi·

144 2968 197 3033 nis
220 2966 353 3052 proeliis
376 2966 572 3049 intermisso,
597 2990 662 3052 quo
686 2968 767 3033 satis
786 2973 993 3052 perspectum
1014 2967 1137 3032 habere
1152 2968 1215 3032 mi-

145 3075 240 3141 litum
256 3074 405 3140 animum
422 3075 598 3163 videretur,
617 3077 847 3160 temptandum
864 3075 989 3141 Caesar
1002 3075 1214 3157 existimarit,

138 3183 304 3269 ¹quidnam
327 3183 505 3267 Pompeius
528 3183 686 3268 propositi
710 3190 768 3249 aut
790 3183 970 3250 voluntatis
994 3186 1037 3249 ad
1053 3184 1215 3250 dimican-

145 3292 226 3357 dum
245 3291 393 3356 haberet.
411 3291 525 3377 itaque
536 3315 576 3358 ex
590 3292 708 3357 castris
722 3293 903 3359 exercitum
919 3292 1033 3358 eduxit
1045 3293 1215 3377 aciemque
1237 3318 1250 3358 ε

146 3398 313 3479 instruxit,
336 3398 442 3483 primo
471 3399 539 3465 suis
570 3399 651 3464 locis
679 3398 845 3483 pauloque
877 3421 897 3464 a
929 3400 1048 3466 castris
1078 3399 1215 3484 Pompei

135 3507 288 3593 'longius
313 3508 558 3574 continentibus
581 3531 661 3574 vero
692 3508 820 3590 diebus,
851 3517 887 3575 ut
916 3511 1166 3595 progrederetur
1196 3528 1216 3571 a

147 3616 264 3683 castris
277 3617 344 3682 suis
360 3617 564 3702 collibusque
580 3617 791 3701 Pompeianis
809 3617 914 3684 aciem
925 3617 1098 3682 subiceret.
1130 3636 1215 3700 quae

146 3745 199 3790 res
234 3724 268 3789 in
299 3725 369 3789 dies
404 3724 680 3790 confirmatiorem
721 3724 792 3788 eius
827 3723 1006 3790 exercitum
1042 3721 1214 3788 efficiebat.

145 3833 297 3918 superius
320 3839 430 3900 tamen
455 3833 642 3899 institutum
659 3832 691 3897 in
709 3832 884 3916 equitibus,
904 3834 990 3919 quod
1008 3833 1214 3897 demonstra·
1236 3853 1250 3896 a
1286 3860 1349 3956 Ι
