2768 4200
65 223 73 234 '
170 206 222 272 120
531 205 583 270 DE
605 206 728 271 BELLO
749 202 871 269 crvrtt

170 375 293 442 relictis
317 373 441 460 quique
464 381 559 442 eraut
582 397 622 439 ex
645 374 838 440 vulneribus
862 372 955 458 aegri
979 367 1147 456 depositio,
1178 387 1236 456 per

135 506 148 545 o
170 484 308 569 Epirum
324 489 423 568 atque
436 483 675 549 Athamaniam
692 482 754 547 iter
772 482 880 546 facere
897 479 1014 564 coepit.
1058 478 1237 563 Pompeius

170 614 301 678 quoque
326 592 366 655 de
390 590 544 656 Caesaris
567 590 705 656 consilio
729 589 919 655 coniectura
937 586 1089 652 iudicans
1107 587 1151 651 ad
1166 585 1238 651 Sci-

169 699 301 783 pionem
331 699 577 783 properandum
610 697 671 763 sibi
703 696 929 763 existimabat:
964 694 992 760 si
1023 694 1148 761 Caesar
1178 693 1239 760 iter

169 807 224 872 illo
247 807 394 885 haberet,
418 811 455 870 ut
477 804 664 871 subsidium
688 803 833 889 Scipioni
849 804 964 883 ferret3
988 801 1017 868 si
1035 802 1077 867 ab
1094 821 1151 866 ora
1167 822 1238 866 ma-

168 913 277 979 ritima
300 911 480 997 Oriciaque
503 913 672 978 discedere
695 911 806 991 nollet,
830 912 918 995 quod
940 908 1087 994 legiones
1110 907 1239 992 equita-

168 1029 305 1106 tumque
328 1043 368 1085 ex
385 1019 482 1085 Italia
505 1024 720 1104 exspectaret,
735 1018 806 1103 ipse
824 1022 861 1082 ut
880 1015 1033 1082 omnibus
1048 1014 1153 1100 copiis
1171 1014 1238 1080 Do·

168 1128 298 1194 mitium
321 1128 567 1212 aggrederetur.

136 1261 144 1302 1
256 1237 412 1302 LXXIX.
457 1235 519 1300 His
543 1235 585 1299 de
615 1236 726 1301 causis
757 1241 894 1319 uterque
931 1255 1045 1302 eorum
1076 1232 1237 1299 celeritati

168 1345 331 1423 studebat,
355 1348 388 1408 ct
410 1340 478 1406 suis
502 1346 539 1406 ut
561 1347 648 1407 esset
662 1342 796 1422 auxilio,
813 1351 845 1410 et
863 1344 904 1407 ad
922 1342 1156 1428 opprimendos
1177 1343 1237 1407 ad·

135 1450 331 1520 iversarius
355 1472 397 1514 ne
420 1448 587 1514 occasioni
610 1450 768 1534 temporis
791 1452 930 1516 deesset.
977 1451 1043 1516 Sed
1059 1450 1237 1516 Caesarem

168 1558 346 1644 Apollonia
368 1580 388 1623 a
403 1558 535 1623 derecto
551 1556 671 1623 itinere
688 1564 863 1640 averterat,
880 1559 1058 1643 Pompeius
1074 1581 1132 1644 per
1148 1558 1237 1624 Can-

135 1692 148 1734 e
170 1667 304 1731 dariam
323 1664 385 1731 iter
400 1665 435 1730 in
449 1665 680 1732 Macedoniam
700 1668 892 1751 expeditum
904 1668 1061 1733 habebat.
1095 1666 1238 1733 accessit

170 1773 269 1840 etiam
293 1795 334 1838 ex
356 1772 537 1858 improviso
557 1775 648 1839 aliud
670 1774 928 1855 incommodum,
953 1778 1041 1860 quod
1062 1775 1237 1849 Domitius,

170 1906 246 1949 cum
270 1883 340 1948 dies
363 1883 548 1967 complures
572 1883 688 1948 castris
711 1883 875 1968 Scipionis
899 1889 1008 1950 eastra
1032 1885 1154 1950 collata
1175 1884 1237 1949 lra-

169 1992 306 2073 buisset,
323 1991 371 2057 rei
393 1990 627 2057 frumentariae
650 2012 752 2056 causa
775 1994 818 2057 ab
841 2013 880 2057 eo
904 1991 1102 2056 discesserat
1120 1997 1152 2057 et
1169 1992 1237 2058 He-

170 2100 318 2182 racliam,
342 2123 426 2185 quae
458 2107 507 2166 est
530 2100 679 2166 subiecta
710 2101 912 2181 Candaviae,
945 2100 1007 2166 iter
1037 2099 1172 2180 fecerat,
1202 2104 1240 2165 ut

169 2196 242 2294 ipsa
262 2210 393 2275 fortuna
417 2210 510 2275 illum
534 2209 663 2275 obicere
687 2210 845 2295 Pompeio
868 2210 1046 2275 videretur.
1092 2209 1176 2274 haec
1195 2210 1238 2274 ad

135 2338 147 2378 4
170 2317 205 2382 id
228 2323 357 2400 tompus
381 2317 505 2382 Caesar
535 2317 719 2402 ignorabat,
766 2318 866 2383 simul
889 2339 910 2382 a
931 2317 1089 2402 Pompeio
1120 2316 1239 2383 litteris

170 2445 228 2509 per
253 2443 367 2488 omnes
389 2422 578 2507 provincias
594 2423 812 2509 civitatesque
832 2424 977 2490 dimissis
996 2427 1037 2490 de
1052 2423 1176 2509 proelio
1194 2424 1240 2489 ad

171 2531 394 2618 Dyrrachium
422 2531 511 2595 facto
535 2531 653 2597 elatius
676 2532 888 2617 inflatiusque
916 2534 1030 2613 multo,
1061 2553 1162 2618 quam
1186 2553 1239 2597 res

170 2644 240 2704 erat
262 2644 365 2724 gesta,
389 2638 479 2702 fama
501 2639 759 2722 percrebruerat,
778 2640 909 2723 pulsum
927 2639 1042 2723 fugere
1060 2638 1239 2704 Caesarem

170 2769 276 2831 paene
299 2746 454 2811 omnibus
472 2744 576 2829 copiis
601 2744 743 2810 amissis.
790 2746 874 2811 haec
889 2745 1007 2810 itinera
1023 2745 1145 2812 infesta
1163 2747 1240 2810 red-

110 2846 113 2853 ’
170 2855 308 2935 diderat,
332 2855 415 2920 haec
438 2853 590 2919 civitates
614 2854 791 2919 nonnullas
816 2856 858 2919 ab
882 2853 952 2918 eius
975 2853 1122 2920 amicitia
1140 2874 1239 2918 aver-

134 2997 147 3037 5
171 2963 271 3028 tabat.
307 2962 427 3046 quibus
444 2961 565 3027 accidit
579 2963 690 3043 rebuS,
706 2968 743 3027 ut
759 2962 910 3047 pluribus
926 2961 1054 3027 dimissi
1064 2961 1239 3026 itineribus

171 3091 191 3134 a
206 3070 349 3135 Caesare
369 3070 412 3134 ad
430 3069 612 3135 Domitium
629 3075 661 3135 et
684 3092 704 3135 a
727 3071 872 3136 Domitio
892 3072 934 3135 ad
952 3070 1130 3136 Caesarem
1148 3070 1242 3135 nulla

134 3210 147 3251 0
170 3177 298 3244 ratione
321 3177 383 3242 iter
406 3177 567 3242 conficere
590 3183 734 3263 possent.
782 3180 841 3244 sed
864 3178 1072 3261 Allobroges,
1098 3176 1241 3242 Roucilli

170 3294 268 3372 atque
292 3285 356 3370 Egi
379 3285 572 3367 familiares,
589 3308 671 3371 quos
694 3287 879 3372 perfugisse
902 3287 946 3352 ad
968 3284 1164 3370 Pompeium
1180 3287 1240 3352 de-

170 3393 440 3474 monstravimus
465 3393 649 3477 conspicati
672 3393 708 3457 in
731 3393 846 3460 itinere
863 3396 1085 3480 exploratores
1101 3393 1240 3460 Domitii

169 3527 229 3570 seu
252 3502 395 3587 pristina
418 3523 479 3567 sua
502 3502 750 3583 cousuetudine,
776 3503 866 3587 quod
889 3523 955 3566 una
971 3502 1006 3566 in
1022 3501 1133 3568 Gallia
1150 3502 1240 3568 bella

168 3616 348 3698 gesserant,
372 3633 431 3676 seu
460 3610 566 3694 gloria
590 3610 667 3676 elati
690 3617 819 3691 cuncta,
843 3617 879 3675 ut
902 3614 997 3676 erant
1026 3614 1111 3690 acta,
1135 3632 1239 3695 expo-

169 3724 306 3785 suerunt
328 3723 361 3783 et
384 3711 536 3782 Caesaris
560 3718 808 3802 profectionem,
826 3721 1007 3784 adventum
1023 3718 1162 3802 Pompei
1177 3720 1238 3784 do-

134 3855 146 3897 r
170 3830 320 3892 cuerunt.
350 3823 503 3910 aquibus
517 3824 682 3891 Domitius
699 3825 817 3891 certior
832 3826 941 3891 factus
953 3825 1009 3890 vix
1021 3826 1068 3890 lV
1080 3826 1238 3892 horarum
