2768 4200
300 215 417 273 COllM.
435 216 487 272 llI.
508 215 591 273 CAP.
610 217 979 275 LXXXIV-LXXXVII.
1115 219 1166 276 125

193 378 379 445 LXXXVI.
414 379 594 463 Pompeius
618 401 758 465 quoque,
789 385 825 446 ut
848 388 964 465 postea
996 381 1165 467 cognitum
1190 407 1200 450 1

103 492 163 566 est,
187 508 323 552 suorum
347 486 495 552 omnium
514 487 648 553 hortatu
666 494 827 554 statuerat
849 489 971 575 proelio
988 492 1165 562 decertare.

102 618 247 682 namque
275 596 374 662 etiam
398 597 433 660 in
461 597 597 663 consilio
629 599 852 683 superioribus
884 599 999 664 diebus
1028 600 1166 681 dixerat,

102 706 297 791 priusquam
311 710 545 770 concurrerent
557 705 657 787 acieS,
676 707 755 786 sore,
772 706 819 771 nti
832 707 994 772 exercitus
1011 706 1165 772 Caesaris

103 814 287 899 pelleretur.
333 812 368 878 id
391 835 468 878 cum
491 819 602 879 essent
620 813 769 898 plerique
793 813 958 893 admirati,
982 811 1070 879 ‘scio
1085 815 1164 896 me,’
1187 839 1200 880 a

101 921 219 1007 inquit,
239 928 365 1005 ‘paene
389 920 617 987 incredibilem
640 944 710 987 rem
733 921 897 1006 polliceri3
921 923 980 987 sed
1002 923 1164 989 rationem

101 1029 230 1096 consilii
253 1029 319 1094 mei
342 1029 493 1114 accipite,
525 1052 589 1115 quo
617 1029 760 1095 firmiore
791 1029 902 1094 animo
936 1029 970 1093 in
1002 1030 1164 1114 proelium

102 1138 287 1223 prodeatis3
311 1137 462 1222 persuasi
485 1137 650 1223 equitibus
672 1137 793 1204 nostris
816 1138 929 1226 (idque
952 1137 1034 1202 mihi
1056 1138 1164 1203 factu·
1187 1158 1200 1202 s

98 1269 152 1313 ros
175 1247 477 1334 confirmaverunt),
502 1253 547 1326 ut,
572 1269 648 1312 cum
667 1246 802 1332 propius
819 1246 863 1312 sit
882 1267 1065 1328 accessum,
1081 1248 1163 1312 dex-

98 1360 184 1420 trum
212 1354 366 1420 Caesaris
390 1375 494 1419 cornu
517 1355 559 1418 ab
583 1352 685 1419 latere
708 1361 821 1438 aperto
851 1355 1112 1438 aggrederentur
1131 1362 1163 1420 et

98 1463 325 1527 circumventa
347 1464 390 1527 ab
414 1469 506 1547 tergo
530 1461 601 1527 acie
623 1462 716 1547 prius
735 1462 962 1546 perturbatum
983 1461 1161 1528 exercitum

97 1569 265 1652 pellerent,
290 1590 390 1654 quam
415 1590 434 1634 a
457 1569 553 1634 nobis
576 1569 677 1634 telum
701 1569 736 1634 in
752 1570 881 1635 hostem
896 1569 1070 1635 iaceretur.
1116 1570 1163 1635 ita
1186 1591 1198 1633 r

97 1675 168 1740 sine
200 1675 345 1760 periculo
376 1675 544 1760 legionum
577 1682 610 1742 et
641 1697 745 1760 paene
775 1677 847 1741 sine
871 1676 1008 1741 vulnere
1036 1676 1162 1742 bellum

103 1783 324 1850 conficiemus.
369 1783 404 1849 id
438 1789 549 1850 autem
578 1783 711 1850 difficile
739 1806 805 1849 non
834 1789 893 1865 est,
922 1805 999 1849 cum
1030 1789 1160 1850 tantum

97 1891 244 1977 equitatu
267 1890 468 1956 valeamus’
493 1891 591 1956 simul
615 1892 833 1971 denuntiavit,
858 1897 894 1955 ut
917 1895 1026 1956 essent
1049 1891 1160 1957 animo
1184 1915 1197 1956 o

98 1999 205 2082 parati
221 1999 255 2064 in
271 2004 448 2084 posterum,
468 2007 499 2066 et
516 1999 672 2084 quoniam
692 2000 783 2068 lieret
805 1999 989 2064 dimicandi
1004 2005 1160 2085 potestas,

96 2112 133 2172 ut
156 2127 254 2191 saepe
278 2107 526 2193 cogitavissent,
550 2129 591 2174 ne
615 2129 711 2174 suam
734 2130 800 2174 neu
815 2106 1017 2192 reliquorum
1034 2107 1160 2192 opinio-

97 2236 174 2280 nem
199 2214 359 2281 fallerent.

182 2322 385 2394 LXXXVII.
410 2324 507 2390 Hunc
530 2324 697 2391 Labienus
721 2326 851 2412 excepit
874 2330 915 2407 et,
935 2347 1010 2391 oum
1035 2325 1159 2391 Caesa·
1185 2362 1194 2402 1

93 2429 139 2495 ris
152 2432 264 2516 copias
284 2431 477 2516 despiceret,
496 2434 634 2518 Pompei
651 2435 825 2501 consilium
842 2434 981 2501 summis
1002 2434 1158 2500 laudibus

67 2539 233 2620 efferret,
257 2538 371 2619 ‘noli,’
404 2540 511 2624 inquit
541 2542 760 2624 ‘existimare
791 2542 938 2628 Pompei,
969 2543 1057 2608 hunc
1088 2563 1160 2607 esse

15 2648 18 2653 '
95 2647 274 2713 exercitum
288 2647 343 2732 qui
353 2647 499 2720 Galliam
514 2649 794 2738 Germaniamque
806 2652 976 2719 devicerit.
1004 2651 1158 2716 omnibus
1182 2685 1194 2725 2

94 2754 228 2818 interlui
251 2755 383 2838 proeliis
407 2779 513 2842 neque
537 2763 660 2826 temere
688 2761 895 2846 incognitam
917 2783 988 2826 rem
1011 2782 1158 2846 pronun-

96 2858 196 2924 tiab0.
242 2862 421 2947 perexigua
443 2886 521 2948 pars
544 2865 633 2931 illius
656 2869 819 2935 exercitus
843 2874 1009 2953 superest3
1034 2890 1193 2954 magna3

96 2987 173 3051 pars
195 2967 343 3052 deperiit,
374 2974 462 3056 quod
490 2973 641 3039 accidere
671 2981 719 3040 tot
747 2976 882 3060 proeliis
915 2977 978 3043 suit
1009 2999 1157 3058 necesse,

94 3075 216 3142 multos
240 3079 389 3143 autumni
419 3080 606 3165 pestilentia
629 3081 663 3146 in
688 3082 784 3148 ltalia
818 3084 1033 3168 consumpsit,
1062 3084 1158 3150 multi

95 3184 229 3249 domum
249 3185 483 3267 discesserunt,
505 3188 600 3253 multi
616 3195 693 3255 sunt
712 3191 817 3256 relicti
832 3191 864 3254 in
882 3192 1072 3261 continenti.
1115 3214 1157 3257 an
1182 3221 1194 3263 -r

95 3311 159 3355 non
182 3292 321 3357 audistis
344 3315 384 3357 ex
407 3294 457 3374 iis,
481 3295 537 3379 qui
562 3319 619 3381 per
645 3315 781 3364 cansam
807 3300 1006 3366 valetudinis
1025 3322 1158 3366 reman-

93 3403 217 3479 serunt,
241 3398 392 3465 cohortes
416 3421 488 3466 esse
504 3402 672 3469 Brundisii
691 3406 820 3472 lactas?
843 3408 907 3472 hae
931 3409 1055 3493 copiae,
1075 3430 1158 3493 quas
1181 3446 1193 3486 5

93 3504 224 3580 videtis,
243 3526 284 3569 ex
299 3504 473 3571 dilectibus
492 3508 611 3574 horum
634 3532 794 3577 annorum
818 3512 852 3578 in
876 3513 1024 3580 citeriore
1048 3514 1158 3581 Gallia

93 3617 171 3676 suut
192 3612 346 3692 resectae,
366 3618 399 3677 et
420 3611 567 3700 plerique
585 3622 662 3682 sunt
680 3639 722 3683 ex
738 3619 874 3685 coloniis
890 3620 1137 3705 Transpadanis
1148 3649 1155 3711 ;

93 3740 133 3784 ac
156 3726 265 3785 tamen
290 3722 378 3804 quod
395 3720 457 3787 luit
472 3724 607 3806 roboris,
632 3728 761 3793 dnobus
784 3728 918 3812 proeliis
934 3730 1155 3816 Dyrrachinis

93 3827 245 3895 interiit’
291 3830 373 3896 haec
397 3853 473 3898 curn
498 3832 644 3917 dixisset,
669 3835 792 3903 iuravit
815 3858 850 3904 se
865 3836 929 3903 nisi
944 3837 1105 3906 victorem
1120 3838 1191 3918 inss
1259 3886 1304 3952 Ι
