2768 4200
345 205 464 260 conii.
485 205 537 258 III.
558 205 640 259 CAP.
661 206 941 260 XXVIII—XXXI.
1146 205 1181 258 93

107 372 318 448 demerent,
342 369 401 431 sed
429 389 493 451 quo
520 374 633 433 essent
654 368 733 432 iude
757 369 896 448 delatae,
925 368 1039 452 primis
1063 368 1182 433 diebus

110 479 320 562 ignorabant.
368 475 566 559 cognitaque
599 497 635 540 re
659 477 792 540 diversa
827 476 890 540 sibi
917 477 1016 540 ambo
1045 477 1218 540 consilia-2

108 585 269 668 capiunt:
289 584 424 662 Caesar,
450 590 486 647 ut
505 583 769 668 quamprimum
789 605 825 648 se
849 606 926 648 cum
942 583 1086 649 Antonio
1103 605 1183 648 con-

108 693 270 775 iungeret,
293 690 483 773 Pompeius
515 696 552 753 ut
582 690 792 756 venientibus
823 691 857 754 in
880 691 996 754 itinere
1020 712 1054 754 se
1079 709 1183 773 oppo-

109 803 212 877 neret,
237 798 266 860 si
289 796 517 880 imprudentes
541 820 582 862 ex
599 797 729 861 insidiis
748 797 870 861 adoriri
895 802 1025 881 posset3
1050 798 1183 860 eodem·
1206 811 1220 853 3

108 927 175 990 que
191 904 244 969 die
262 910 401 988 uterque
418 926 531 968 eorum
555 927 595 969 ex
614 904 732 969 castris
748 904 879 968 stativis
894 924 915 968 a
937 904 1073 968 flumine
1090 905 1184 986 Apso

107 1010 290 1076 exereitum
315 1011 470 1088 educunt,
489 1010 667 1093 Pompeius
691 1010 777 1074 clam
802 1014 960 1090 eteocle,
977 1009 1101 1074 Caesar
1122 1032 1184 1093 pa-

111 1117 179 1181 lam
210 1122 309 1200 atque
339 1116 492 1181 interdiu.
540 1117 599 1180 sed
633 1116 770 1181 Caesari
798 1117 939 1182 circuitu
968 1117 1093 1182 maiore
1123 1118 1220 1181 iter4

109 1237 184 1290 erat
205 1224 350 1308 longius,
383 1224 524 1288 adverso
547 1225 692 1304 flumine,
723 1231 760 1289 ut
782 1226 869 1289 vado
892 1225 1032 1290 transire
1055 1232 1183 1309 posset3

110 1331 302 1414 Pompeius,
336 1332 426 1415 quod
455 1331 623 1418 [expedito
646 1331 776 1417 itinere]
807 1333 930 1396 flumen
953 1331 983 1396 ei
1007 1338 1184 1397 transeun-

110 1441 192 1504 dum
217 1460 282 1502 non
301 1444 381 1516 erat,
398 1437 531 1521 magnis
546 1438 719 1503 itineribus
735 1441 779 1504 ad
795 1439 980 1504 Antonium
1005 1439 1183 1509 contendit.

109 1553 211 1630 atque
235 1545 293 1609 ubi
317 1566 391 1608 eum
416 1545 683 1629 appropinquare
707 1546 876 1629 cognovit,
895 1547 1050 1611 idoneum
1074 1547 1221 1610 locum5

111 1660 231 1718 nactus
254 1653 301 1717 ibi
324 1652 437 1737 copias
460 1653 637 1717 collocavit
659 1674 803 1736 suosque
822 1674 937 1717 omnes
961 1653 1080 1716 castris
1104 1675 1184 1716 con-

110 1760 210 1824 tinuit
232 1759 394 1844 ignesque
418 1759 488 1823 sieri
519 1759 698 1842 prohibuit,
732 1781 797 1844 quo
821 1759 979 1824 occultior
1002 1767 1088 1825 esset
1113 1759 1185 1824 eius

110 1868 289 1931 adventus.
336 1866 421 1930 haec
437 1868 480 1930 ad
500 1866 684 1930 Antonium
707 1867 819 1932 statim
837 1888 896 1950 per
919 1865 1065 1932 Graecos
1093 1868 1185 1932 desc·
1208 1889 1221 1929 e

34 1968 38 1977 ’
111 1979 238 2041 runtur.
275 1973 330 2036 illc
349 1972 460 2036 missis
476 1974 519 2035 ad
535 1973 714 2037 Caesarem
737 1972 862 2037 nuntiis
885 1994 990 2037 unum
1006 1973 1093 2037 diem
1112 1995 1186 2038 sese

111 2081 230 2144 eastris
246 2080 374 2157 tenuit3
392 2080 494 2143 altero
511 2079 564 2142 die
580 2081 623 2144 ad
643 2102 720 2144 eum
738 2079 891 2162 pervenit
910 2080 1042 2145 Caesar.
1090 2080 1185 2145 cuius
1208 2102 1220 2143 r

111 2188 258 2251 adventu
282 2185 414 2269 cognito
438 2185 692 2268 Pompeiusue
716 2187 847 2250 duobus
871 2187 1186 2252 circumcluderetur

110 2295 326 2373 exercitibus
351 2314 451 2356 exeo
487 2291 559 2355 loeo
589 2293 731 2357 discedit
758 2293 979 2379 omnibusque
1013 2294 1118 2377 copiis
1142 2297 1185 2358 ad

113 2400 341 2486 Asparagium
374 2400 661 2486 Dyrrachinorum
691 2402 844 2486 pervenit
874 2408 973 2486 atque
996 2402 1043 2466 ibi
1067 2403 1185 2468 idoneo

112 2508 186 2572 loeo
210 2515 321 2572 eastra
343 2510 446 2591 ponit.

201 2614 329 2679 XXXI.
355 2614 466 2677 Isdem
496 2613 701 2696 temporibus
731 2612 842 2697 Scipio
872 2612 1077 2678 detrimentis
1112 2612 1218 2696 qui-r

112 2725 256 2788 busdam
280 2723 370 2786 circa
385 2728 531 2786 montem
547 2722 714 2784 Amanum
732 2720 878 2803 acceptis
896 2720 1130 2802 imperatorem
1150 2741 1186 2783 se

114 2828 351 2908 appellaverat.
398 2848 463 2911 quo
483 2828 573 2892 facto
589 2827 782 2891 civitatibus
805 2826 1022 2911 tyrannisque
1045 2847 1186 2909 magnas
1209 2853 1221 2894 2

113 2932 338 3015 imperaverat
360 2934 531 3016 pecunias
554 2934 633 2998 item
650 2955 671 2997 a
686 2933 873 3017 publicanis
892 2954 973 2997 suae
996 2932 1187 3016 provinciae

112 3040 261 3104 debitam
278 3041 401 3104 biennii
418 3039 595 3122 pecuniam
610 3047 765 3123 exegerat
777 3048 810 3104 et
828 3042 871 3104 ab
886 3041 992 3106 isdem
1008 3042 1187 3125 insequen-

113 3147 156 3210 tis
179 3149 258 3211 anni
281 3151 432 3210 mutuam
456 3152 670 3229 praeceperat
693 3147 888 3231 equitesque
911 3148 971 3213 toti
994 3149 1187 3233 provinciae

112 3253 347 3338 imperaverat.
395 3251 517 3337 quibus
541 3252 665 3316 coactis
694 3253 843 3319 finitimis
876 3256 1029 3321 hostibus
1053 3257 1187 3321 Parthis

112 3370 188 3444 post
206 3382 241 3426 se
263 3360 398 3438 relictis,
422 3360 480 3444 qui
498 3360 598 3442 paulo
613 3366 690 3426 ante
705 3361 751 3426 M.
768 3361 929 3427 Crassum
952 3362 1187 3446 imperatorem

112 3470 347 3533 interfecerant
370 3474 403 3532 et
426 3467 469 3532 M.
496 3467 653 3532 Bibulum
671 3470 706 3534 in
729 3470 902 3535 obsidione
917 3471 1115 3551 habuerant,
1138 3472 1187 3536 le-

113 3577 229 3660 giones
249 3576 442 3660 equitesque
470 3598 510 3640 ex
534 3576 632 3661 Syria
655 3578 849 3643 deduxerat.
896 3601 1129 3665 summamque
1152 3581 1186 3644 in

112 3684 371 3748 sollicitudinem
394 3705 435 3748 ae
457 3684 610 3749 timorem
634 3685 783 3751 Parthici
806 3687 884 3752 belli
913 3687 1085 3772 provincia
1109 3710 1186 3753 cum

112 3791 269 3867 venisset,
294 3813 334 3857 ae
362 3792 540 3857 nonnullae
575 3791 718 3857 militum
749 3815 851 3858 voces
881 3817 956 3860 eum
982 3796 1185 3876 audirentur,
