2768 4200
179 198 231 254 112
544 202 595 256 DE
616 203 740 259 BELLO
761 203 882 258 CIVILI

138 366 354 443 aparuerunt
377 381 486 446 neque
510 363 602 446 ipsae
625 364 771 428 hostium
795 363 957 448 impetum
982 364 1138 431 tulerunt.
1184 365 1248 431 ita·

178 489 242 552 que
266 469 498 552 quodcumque
527 471 713 535 addebatur
746 471 906 551 subsidio,
929 471 965 535 id
988 478 1180 556 corruptum
1207 472 1248 537 ti-

177 597 268 639 more
292 575 491 660 fugientium
516 582 673 642 terrorem
697 585 730 644 et
752 578 936 662 periculum
959 581 1117 663 augebat:
1136 578 1248 664 'homi-

136 697 257 748 ³num
289 685 377 748 enim
414 684 625 750 multitudine
659 694 814 770 receptus
844 687 1098 771 impediebatur.
1144 688 1181 753 in
1211 709 1248 752 eo

93 790 97 796 ’
176 791 301 874 proelio
325 813 403 855 cum
425 792 522 875 gravi
552 792 691 856 vulnere
724 801 811 858 esset
834 795 973 858 affectus
997 793 1151 878 aquilifer
1175 800 1248 860 eta

103 935 107 941 ·
176 897 304 962 viribus
335 897 539 977 deficeretur,
576 898 786 982 conspicatus
822 900 950 983 equites
985 906 1116 966 nostros
1141 900 1248 966 ‘hanc

176 1006 269 1087 ego’,
291 1004 411 1089 inquit,
434 1011 488 1068 ‘et
516 1004 616 1068 vivus
646 1005 766 1069 multos
796 1027 854 1089 per
888 1027 992 1071 annos
1024 1028 1150 1092 magna
1173 1007 1248 1072 dili·

176 1111 288 1194 gentia
311 1111 444 1174 defendi
468 1116 501 1176 et
523 1132 613 1175 nunc
635 1110 782 1176 moriens
806 1114 923 1177 eadem
945 1113 1010 1178 fide
1033 1113 1171 1180 Caesari
1193 1136 1247 1181 re·

137 1232 152 1273 4
176 1222 285 1288 stituo.
332 1221 442 1300 nolite,
470 1223 616 1299 obsecro,
638 1222 855 1303 committere,
880 1224 970 1306 quod
993 1228 1069 1287 ante
1091 1223 1127 1287 in
1151 1245 1248 1290 exar-

176 1331 242 1395 citu
267 1328 420 1394 Caesaris
449 1350 517 1392 non
546 1328 677 1407 accidit,
701 1335 737 1393 ut
760 1330 808 1394 rei
837 1330 990 1395 militaris
1014 1332 1159 1396 dedecus
1187 1333 1247 1397 ad·

175 1437 344 1514 mittatur,
378 1435 643 1520 incolumemque
673 1437 717 1500 ad
748 1458 823 1501 eum
854 1437 979 1503 deserte
995 1438 1014 1501 ’.
1068 1439 1133 1503 hoc
1168 1460 1248 1504 casu

175 1544 287 1631 aquila
310 1551 524 1609 conservatur
548 1545 703 1610 omnibus
726 1544 854 1628 primae
878 1544 1023 1610 cohortis
1045 1546 1247 1611 centurioni·-

174 1657 238 1719 bus
260 1653 444 1719 interfectis
467 1657 598 1737 praeter
621 1652 807 1737 principem
831 1651 984 1735 priorem.

139 1779 148 1818 1
263 1761 367 1826 LXV.
398 1761 536 1846 Iamque
559 1758 756 1842 Pompeiani
783 1778 910 1842 magna
933 1759 1036 1831 caede
1058 1765 1247 1826 nostrorum

175 1869 293 1933 castris
312 1868 497 1933 Marcellini
520 1866 834 1951 appropinquabant
856 1886 923 1928 non
942 1864 1101 1930 mediocri
1124 1873 1247 1933 terrore

133 1992 150 2032 ι)
174 1976 265 2041 illato
289 1975 425 2061 reliquis
441 1974 644 2052 cohortibus
662 1979 695 2038 et
713 1972 758 2036 M.
775 1971 954 2052 Antonius,
978 1971 1036 2056 qui
1059 1973 1247 2057 proximum

173 2084 283 2148 locum
307 2081 546 2166 praesidiorum
570 2082 714 2154 tenebat,
740 2100 779 2143 ea
801 2079 1003 2144 renuntiata
1027 2101 1104 2144 cum
1128 2081 1247 2147 cohor-

174 2191 263 2256 tibus
297 2189 364 2254 XII
405 2190 609 2254 descendens
650 2210 691 2253 ex
725 2187 798 2252 loco
834 2188 1003 2271 superiore
1039 2191 1247 2255 cernebatur.

173 2299 267 2362 cuius
297 2299 462 2362 adventus
493 2296 714 2378 Pompeianos
740 2297 937 2379 compressit
960 2302 1156 2382 nostrosque
1187 2299 1244 2364 fir-

133 2421 149 2460 :r
173 2402 286 2481 mavit,
303 2407 339 2465 ut
354 2422 390 2465 se
413 2423 454 2465 ex
471 2401 616 2465 maximo
632 2402 750 2468 timore
766 2402 986 2486 colligerent
1017 2425 1125 2488 neque
1143 2406 1247 2470 multo

173 2516 246 2594 post
274 2507 399 2573 Caesar
433 2507 674 2591 significatione
704 2531 763 2593 per
799 2509 938 2574 castella
972 2511 1064 2575 sumo
1087 2512 1188 2592 sacta,
1211 2519 1248 2578 ut

173 2622 242 2681 erat
265 2614 445 2699 superioris
461 2614 618 2697 temporis
635 2618 850 2695 consuetudo,
869 2616 1020 2680 deductis
1044 2617 1248 2700 quibusdam

133 2742 149 2783 4
173 2724 365 2790 cohortibus
389 2746 430 2788 ex
452 2722 625 2807 praesidiis
657 2725 772 2788 eodem
797 2723 898 2787 venit.
946 2723 1003 2808 qui
1029 2724 1161 2808 cognito
1185 2726 1246 2791 de-

172 2832 324 2897 trimento
348 2852 425 2895 cum
455 2829 748 2895 animadvertisset
777 2829 976 2914 Pompeium
1012 2838 1106 2897 extra
1136 2833 1248 2898 muni-

172 2940 278 3004 tiones
318 2960 488 3023 cgressum
523 2941 707 3004 secundum
742 2960 833 3004 mare
869 2961 1036 3020 manere,
1073 2948 1110 3006 ut
1142 2941 1248 3008 libere

172 3047 325 3129 pabulari
359 3052 472 3130 posset
506 3068 569 3110 nec
604 3047 716 3111 minus
752 3046 879 3111 aditum
908 3046 1053 3111 navibus
1089 3047 1247 3130 haberet,

172 3160 377 3217 commutata
407 3152 534 3217 ratione
566 3153 654 3232 belli,
679 3153 837 3238 quoniam
864 3152 1070 3236 propositum
1099 3176 1166 3219 non
1195 3162 1228 3222 te

173 3266 301 3343 ruerat
325 3264 437 3324 castra
455 3260 550 3323 iuxta
567 3259 765 3343 Pompeium
789 3259 910 3323 muniri
933 3259 1039 3330 iussit.
1223 3250 1226 3255 ’

137 3385 147 3424 1
262 3365 380 3430 LXVI.
413 3364 488 3446 Qua
512 3365 661 3448 perlecta
689 3366 872 3431 munitione
896 3366 1166 3432 animadversum
1196 3375 1248 3434 est

173 3475 216 3538 ab
240 3472 503 3556 speculatoribus
527 3471 681 3536 Caesaris
705 3473 856 3538 cohortes
881 3477 1055 3558 quasdam,
1079 3478 1170 3560 quod
1193 3477 1247 3541 in-

173 3586 242 3644 star
275 3579 413 3663 legionis
437 3579 616 3658 videretur,
641 3601 714 3644 esse
744 3587 820 3665 post
849 3582 968 3647 silvam
1006 3590 1036 3648 et
1067 3583 1102 3647 in
1132 3590 1248 3650 vetera

135 3690 283 3751 acastra
316 3685 403 3750 duci.
451 3692 636 3750 castrorum
670 3686 727 3751 hic
760 3687 845 3752 situs
880 3697 961 3755 erat.
1018 3689 1247 3775 superioribus

174 3795 292 3859 diebus
316 3816 403 3859 nona
427 3793 580 3859 Caesaris
605 3793 703 3878 legia
727 3815 803 3858 cum
838 3816 873 3860 se
904 3797 1079 3862 obiecisset
1101 3797 1246 3882 Pompe,
