2768 4200
204 180 256 239 136
566 176 617 233 Du
637 175 762 234 Buteo
783 175 902 234 civim

169 378 171 383 ·
205 368 282 413 nem
296 347 445 426 duxerat,
459 343 649 410 naviculam
662 344 837 430 parvulam
856 346 1050 413 conscendit
1061 369 1138 414 cum
1154 348 1272 433 paucis

206 453 292 535 suis3
308 452 356 518 ibi
371 454 413 518 ab
426 452 558 519 Achilla
572 458 605 518 et
623 452 782 539 Septimio
793 453 995 522 interficitur.
1023 457 1102 522 item
1122 457 1160 523 L.
1180 458 1271 524 Len-

205 563 293 628 tulus
316 560 604 646 comprehenditur
623 563 665 626 ab
683 583 762 646 rege
785 569 816 629 et
839 562 872 628 in
897 563 1047 630 custodia
1070 572 1218 633 necatur.

170 698 181 744 1
294 667 377 756 [CV.
409 671 533 735 Caesar
555 691 632 734 eum
655 669 690 735 in
713 669 829 736 Asiam
853 671 1009 753 venisset,
1027 673 1215 758 reperiebat
1233 674 1272 740 T.

205 778 363 863 Ampium
388 783 542 843 conatum
568 799 641 843 esse
664 778 824 862 pecunias
848 778 959 845 tollere
974 779 1107 865 Epheso
1129 804 1171 848 ex
1193 782 1273 848 fano

206 888 335 954 Dianae
358 887 494 973 eiusque
511 886 558 952 rei
581 908 683 952 causa
705 892 875 952 senatores
898 907 1013 953 omnes
1037 909 1078 953 ex
1099 888 1275 973 provincia

207 1018 375 1077 evocasse,
398 1003 434 1061 ut
456 995 509 1060 his
532 993 672 1061 testibus
698 996 733 1059 in
761 997 922 1061 sumenda
946 995 1089 1081 pecunia
1115 1003 1274 1080 uteretur,

207 1105 267 1170 sed
289 1102 532 1189 interpellatum
556 1103 701 1168 adventu
716 1103 868 1169 Caesaris
883 1104 1080 1190 profugisse.
1126 1106 1173 1172 ila
1188 1108 1274 1173 duo-

207 1213 271 1277 bus
293 1211 498 1296 temporibus
512 1209 676 1295 Ephesiae
690 1210 849 1295 peouniae
866 1211 991 1278 Caesar
1006 1213 1167 1281 auxilium
1187 1214 1275 1282 tulit.

172 1461 185 1503 ρ
210 1476 605 1493 ........
674 1426 753 1492 item
778 1429 952 1494 constabat
975 1429 1069 1496 Elide
1093 1430 1275 1518 intemplo

208 1538 379 1605 Minervae
401 1535 548 1621 repetitis
566 1541 665 1621 atque
684 1535 864 1602 numeratis
883 1536 1009 1619 diebus,
1026 1559 1091 1622 quo
1106 1538 1162 1606 die
1176 1562 1275 1626 proe-

207 1648 289 1714 lium
313 1647 496 1712 seoundum
528 1644 651 1712 Caesar
677 1644 819 1718 fecisset,
849 1642 1065 1710 simulacrum
1096 1647 1276 1732 Victoriae,

209 1758 299 1843 quod
322 1760 398 1821 ante
421 1755 528 1839 ipsam
547 1753 734 1819 Minervam
752 1753 950 1819 collocatum
966 1759 1054 1820 esset
1076 1761 1209 1824 etanta
1232 1761 1276 1824 ad

210 1867 424 1931 simulacrum
447 1863 620 1929 Minervae
639 1861 870 1948 spectavisset,
895 1866 936 1929 ad
953 1864 1072 1930 valvas
1096 1886 1132 1932 se
1159 1869 1278 1953 templi
1337 1942 1341 1947 ,

173 2000 187 2043 e
209 1975 376 2059 limenque
392 1971 602 2038 convertisse.
639 1972 820 2055 eodemque
839 1970 891 2036 die
909 1970 1110 2038 Antiochiae
1124 1972 1159 2039 in
1177 1974 1278 2061 Syria

209 2081 262 2146 bis
285 2087 397 2146 tantus
412 2079 574 2144 exereitus
590 2079 713 2144 clamor
731 2086 763 2144 et
782 2079 951 2164 signorum
976 2100 1077 2145 sonus
1102 2081 1279 2147 exauditus

174 2195 272 2269 rest,
295 2193 332 2253 ut
353 2188 388 2253 in
413 2187 515 2252 muris
542 2192 670 2252 armata
694 2187 813 2252 civitas
846 2187 1054 2254 discurreret.
1101 2189 1166 2254 hoc
1187 2188 1279 2256 idem

210 2296 416 2363 Ptolomaide
435 2294 566 2375 accidit,
584 2295 805 2380 Pergamique
821 2295 857 2359 in
874 2295 1012 2360 occultis
1036 2317 1076 2361 ac
1098 2297 1278 2365 reconditis

210 2404 333 2490 templi,
357 2425 422 2489 qno
445 2408 575 2488 praeter
598 2404 786 2468 sacerdotes
808 2402 901 2468 adire
924 2404 975 2468 fas
997 2402 1080 2469 nulli
1108 2411 1168 2486 est,
1192 2426 1280 2491 quac

175 2548 187 2589 5
210 2514 331 2582 Graeci
351 2515 453 2600 adyta
473 2513 648 2597 appellant,
663 2518 825 2599 tympana
841 2520 1032 2580 sonuerunt.
1078 2515 1158 2582 item
1182 2513 1279 2582 Tral-

209 2625 297 2691 libus
321 2622 500 2706 intemplo
524 2621 701 2701 Victoriae,
725 2621 782 2685 ubi
806 2621 958 2688 Caesaris
991 2628 1135 2689 statuam
1159 2644 1279 2690 consc-

211 2734 397 2811 erarerant,
415 2729 528 2815 palma
551 2750 610 2812 per
633 2749 688 2793 eos
705 2727 775 2792 dies
793 2724 840 2819 [in
856 2727 955 2818 tecto]
973 2730 1058 2797 inter
1081 2737 1281 2817 coagmenta
1357 2788 1361 2793 .

209 2837 359 2922 lapidum
384 2835 636 2920 experimento
660 2834 826 2900 exstitisse
850 2835 1109 2929 ostendebatur}

176 2978 186 3020 1
301 2947 388 3013 CVI.
408 2945 534 3012 Caesar
556 2965 680 3029 paucos
703 2944 823 3010 diesin
839 2945 922 3010 Asia
944 2952 1092 3012 moratus
1115 2968 1191 3012 cum
1216 2969 1279 3013 au-

212 3056 314 3122 disset
336 3055 532 3140 Pompeium
556 3053 661 3140 Cypri
684 3052 803 3135 visum,
835 3053 1024 3120 coniectans
1048 3075 1124 3119 eum
1146 3054 1187 3119 in
1211 3055 1281 3121 Ac·

211 3170 351 3251 gyptum
382 3164 445 3229 iter
473 3162 597 3227 habere
631 3167 765 3246 propter
798 3161 1057 3227 necessitudines
1086 3161 1181 3247 regni
1203 3162 1281 3229 reli-

212 3293 361 3359 quasque
384 3272 455 3336 eius
477 3269 541 3334 loci
564 3269 823 3353 opportunitates
841 3291 917 3334 oum
932 3269 1062 3354 legione
1077 3292 1153 3346 una,
1176 3291 1281 3356 quam

213 3403 248 3446 so
265 3404 306 3446 ex
325 3377 497 3444 Thessalia
512 3377 606 3462 sequi
620 3377 772 3458 iusserat,
789 3377 951 3458 etaltera,
973 3399 1074 3463 quam
1091 3400 1132 3442 cx
1150 3378 1283 3445 Achaia

214 3509 234 3553 a
258 3488 298 3570 Q.
314 3487 406 3552 Fullo
422 3487 532 3569 legato
548 3490 757 3565 evocaverat,
781 3483 1014 3569 equitibusque
1038 3483 1154 3550 DCCC
1169 3490 1203 3551 et
1217 3507 1282 3552 na·

213 3593 311 3658 vibus
332 3592 442 3677 longis
465 3590 600 3656 Rhodiis
624 3591 657 3655 X
680 3596 711 3656 et
726 3590 884 3656 Asiaticis
902 3591 1018 3676 paucis
1041 3591 1284 3660 Alexandriam

177 3700 376 3786 2pervenit.
422 3691 532 3763 inhis
556 3703 649 3763 erant
671 3697 857 3782 legionibus
891 3698 1065 3764 hominum
1095 3699 1187 3765 milia
1218 3701 1284 3768 tria

214 3808 287 3890 CC;
310 3808 429 3896 reliqui
451 3807 644 3874 vulneribus
669 3830 708 3872 ex
733 3807 867 3895 proeliis
890 3812 921 3873 et
944 3807 1056 3876 labore
1080 3828 1119 3877 ae
1148 3809 1286 3899 magni·
