2768 4200
197 212 234 266 54
562 215 614 268 DE
635 214 760 270 BELLO
780 214 900 269 CIVILI

161 387 175 428 4
200 377 372 462 clavisque
397 378 548 462 religant.
596 378 640 442 ad
670 383 856 444 extremum
879 379 1024 443 musculi
1048 383 1173 445 tectum
1196 383 1271 442 tra-

199 485 323 568 besque
347 489 511 550 extremas
535 487 717 570 quadratas
740 484 875 569 regulas
898 485 947 549 IV
969 491 1123 569 patentes
1146 484 1270 569 digitos

200 589 359 674 defigunt,
392 612 479 675 quac
512 590 644 672 latereS,
675 592 733 676 qui
757 613 858 676 super
881 591 1062 682 [musculo]
1087 598 1271 675 struantur,

161 697 400 762 acontineant.
456 697 504 763 ita
536 699 694 782 fastigate
724 705 824 785 atque
856 699 1035 765 ordinatim
1069 704 1207 778 structo,
1233 705 1272 762 ut

199 803 311 868 trabes
338 809 432 869 erant
460 803 495 868 in
529 805 692 888 capreolis
716 805 914 885 collocatae,
944 805 1103 871 lateribus
1134 805 1272 888 lutoque

198 911 382 993 musculus,
399 918 436 977 ut
458 915 501 977 ab
520 912 600 997 igni,
617 912 674 998 qui
697 934 738 976 ex
752 934 847 977 muro
864 912 1037 994 iaceretur,
1059 917 1151 978 tutus
1170 915 1272 990 esset,

162 1039 175 1080 c
200 1018 396 1101 contegitur.
443 1039 542 1104 super
558 1019 679 1084 lateres
694 1017 784 1083 coria
796 1018 1009 1099 inducuntur,
1033 1040 1076 1082 ne
1097 1017 1272 1092 canalibus

200 1146 288 1210 aqua
316 1127 458 1192 inmissa
484 1127 604 1192 lateres
638 1127 764 1192 diluere
793 1133 923 1211 posset;
957 1126 1047 1191 coria
1084 1132 1197 1192 autem
1228 1147 1273 1189 ne

198 1257 314 1300 rursus
338 1237 408 1321 igni
431 1258 471 1301 ac
494 1236 662 1320 lapidibus
681 1242 944 1321 corrumpantur,
968 1236 1165 1302 centonibus
1189 1255 1272 1299 con-

162 1362 174 1402 r
199 1345 365 1423 teguntur.
396 1342 461 1406 hoc
478 1362 561 1425 opus
577 1362 676 1407 omne
694 1347 820 1407 tectum
839 1342 946 1406 vineis
965 1342 1008 1407 ad
1026 1341 1135 1426 ipsam
1154 1339 1272 1404 turrim

199 1448 373 1531 perficiunt
389 1449 564 1534 subitoque
578 1449 828 1534 inopinantibus
844 1451 997 1516 hostibus
1011 1449 1273 1541 [machinatione

200 1552 327 1642 navali]
344 1555 523 1640 phalangis
542 1556 701 1622 subiectis
721 1559 764 1622 ad
781 1557 897 1623 turrim
916 1557 1064 1622 hostiurn
1081 1558 1273 1637 admovent,

200 1668 237 1727 ut
259 1662 409 1728 aedificio
432 1662 599 1748 iungatur.

164 1788 174 1828 1
288 1769 349 1835 XI.
369 1769 443 1851 Quo
462 1771 551 1836 malo
566 1771 731 1856 perterriti
753 1771 861 1837 subito
886 1769 1044 1855 oppidani
1066 1791 1147 1835 saxa
1170 1791 1273 1854 quam

199 1878 346 1942 maxima
368 1885 509 1962 possunt
531 1879 684 1944 vectibus
708 1885 903 1962 promovent
922 1876 1206 1961 praecipitataque
1230 1878 1273 1942 de

199 2005 295 2047 muro
318 1984 353 2048 in
375 1987 565 2051 musculum
585 1987 776 2051 devolvunt.
822 1985 927 2050 ictum
950 1983 1089 2049 firmitas
1111 1982 1273 2048 materiae

200 2090 351 2166 sustinet,
376 2098 409 2157 et
438 2093 600 2178 quidquid
629 2093 758 2173 incidit,
788 2091 922 2176 fastigio
951 2091 1096 2156 musculi
1119 2090 1272 2156 elabitur.

163 2197 234 2261 2id
256 2198 314 2262 ubi
337 2199 461 2280 vident,
493 2206 625 2265 mutant
658 2199 853 2265 consilium:
885 2219 989 2282 cupas
1012 2199 1111 2262 taeda
1134 2219 1175 2263 ac
1197 2197 1272 2282 pice

198 2303 338 2368 refertas
361 2304 544 2370 incendunt
566 2328 689 2390 easque
709 2307 750 2369 dc
773 2327 867 2369 muro
883 2305 918 2368 in
941 2305 1132 2369 musculum
1155 2306 1272 2370 devol-

200 2417 293 2476 vunt.
339 2413 507 2478 involutae
529 2414 696 2495 labuntur,
721 2415 877 2497 delapsae
901 2415 944 2479 ab
966 2414 1126 2480 lateribus
1150 2415 1273 2500 longu-

164 2551 178 2591 3
200 2518 261 2583 riis
284 2519 454 2604 furcisque
482 2523 525 2586 ab
555 2543 653 2605 opere
676 2527 899 2586 removentur.
945 2521 1079 2586 interim
1109 2524 1172 2587 sub
1196 2545 1272 2588 rnu-

202 2627 294 2691 sculo
328 2628 451 2693 milites
474 2629 626 2694 vectibus
652 2629 767 2693 infima
792 2650 873 2693 saxa
892 2629 992 2694 turris
1012 2628 1169 2709 hostium,
1196 2631 1272 2715 qui-

201 2737 265 2800 bus
287 2738 507 2801 fundamenta
539 2736 811 2816 continebantur,
846 2737 1048 2802 convellunt.
1101 2737 1274 2802 musculus

202 2869 245 2911 ex
263 2845 344 2910 turri
359 2846 511 2911 latericia
534 2867 554 2910 a
573 2846 693 2911 nostris
711 2847 785 2911 telis
809 2845 1048 2929 tormentisque
1068 2844 1272 2926 defenditur3

202 2956 314 3020 hostes
338 2977 379 3019 ex
402 2976 498 3018 muro
529 2975 569 3019 ac
592 2953 738 3019 turribus
763 2954 1002 3018 submoventur
1026 2952 1056 3038 [z
1081 2974 1149 3017 non
1174 2955 1274 3019 datur

165 3087 179 3127 4
201 3062 307 3126 libera
330 3062 416 3125 muri
440 3061 642 3127 defendendi
664 3060 833 3148 facultas}
881 3060 1109 3143 compluribus
1131 3060 1199 3126 iam
1222 3063 1273 3126 la-

202 3168 336 3253 pidibus
360 3168 489 3247 axilla,
513 3189 599 3252 quae
629 3169 775 3245 suberat,
798 3165 880 3231 turri
904 3168 1077 3233 subductis
1100 3167 1274 3251 repentina

201 3277 299 3341 ruina
321 3297 399 3359 pars
423 3276 494 3340 eius
517 3276 618 3340 turris
642 3273 794 3352 concidit,
817 3293 896 3356 pars
918 3273 1047 3358 reliqua
1064 3295 1273 3358 consequens

202 3384 451 3468 procumbebat,
469 3405 546 3448 cum
561 3383 674 3447 hostes
696 3380 786 3445 urbis
803 3380 987 3464 direptione
1003 3381 1167 3466 perterriti
1183 3382 1274 3447 iner-

202 3511 273 3555 mes
297 3512 375 3555 cum
398 3490 512 3555 infulis
540 3510 575 3554 se
598 3495 693 3573 porta
716 3489 805 3551 foras
836 3487 986 3552 universi
1011 3488 1206 3572 proripiunt,
1230 3491 1275 3553 ad

202 3598 331 3683 legatos
354 3604 454 3682 atque
477 3596 657 3662 exercitum
681 3594 848 3678 supplices
872 3615 993 3658 manus
1016 3596 1165 3659 tendunt.

168 3725 179 3766 1
291 3706 370 3771 XII.
392 3705 470 3787 Qua
493 3725 581 3768 nova
603 3725 638 3766 re
662 3704 774 3767 oblata
798 3701 906 3766 omnis
931 3701 1172 3766 administratio
1195 3703 1275 3767 belli

203 3813 366 3894 consistit,
383 3812 571 3896 militesque
590 3810 700 3874 aversi
716 3830 737 3874 a
752 3809 877 3893 proelio
894 3809 937 3872 ad
953 3809 1100 3872 studium
1117 3809 1274 3875 audiendi
