2768 4200
406 207 525 264 COMM.
544 209 597 264 III.
618 210 701 265 CAP.
721 209 931 264 LXI-LXIV.
1154 209 1204 297 lli

224 367 347 432 LXIII.
376 368 456 433 Erat
488 391 526 433 eo
560 369 632 434 loco
663 370 753 434 fossa
784 371 906 453 pedum
930 369 994 434 XV
1017 373 1049 433 et
1078 369 1204 433 vallum
1231 388 1243 430 r

137 481 250 540 contra
272 474 404 540 hostem
425 476 461 540 in
485 476 693 569 altitudinem
716 479 839 562 pedum
863 478 907 558 X,
931 479 1206 560 tantumdemque

136 581 207 647 eius
230 582 313 647 valli
335 603 440 667 agger
458 584 493 646 in
508 583 717 649 latitudinem
736 586 887 669 patebat3
905 586 947 649 ab
962 606 1000 648 eo
1019 583 1205 648 intermisso
1228 603 1243 644 ‘2

136 689 242 774 spatio
265 691 389 774 pedum
412 690 470 755 DC
494 691 576 756 alter
599 713 780 756 conversus
802 693 837 757 in
855 691 1054 758 contrariam
1078 697 1206 775 partem

135 801 206 861 crat
228 796 339 861 vallus
357 797 533 861 humiliore
551 797 650 881 paulo
667 799 858 870 munitione,
905 800 969 865 hoe
993 799 1081 863 enim
1105 820 1205 881 supe·
1229 818 1247 860 a

135 904 278 970 rioribus
295 905 413 970 diebus
429 904 548 969 timens
567 905 703 986 Caesar,
721 930 763 972 ne
780 909 924 972 navibus
938 908 1043 972 nostri
1061 907 1205 972 circum·
1277 942 1280 947 ·

135 1012 340 1092 venirentur‚
363 1013 529 1097 duplicem
553 1034 591 1078 eo
613 1013 686 1078 loeo
710 1016 835 1080 fecerat
862 1015 997 1095 vallum,
1023 1021 1069 1094 ut,
1092 1014 1121 1079 si
1144 1035 1206 1078 an·

135 1119 227 1204 cipiti
255 1118 380 1204 proelio
410 1118 634 1194 dimicaretur,
670 1131 782 1205 posset
811 1122 930 1188 resisti.
977 1123 1037 1187 sed
1067 1141 1242 1205 operumr

134 1226 331 1311 magnitudo
360 1231 392 1290 et
420 1225 593 1290 continens
625 1228 775 1293 omnium
808 1230 936 1294 dierum
970 1229 1080 1313 labor,
1117 1229 1206 1312 quod

135 1335 227 1400 milia
249 1355 413 1419 passuum
443 1333 477 1397 in
508 1333 648 1398 circuitu
670 1335 769 1400 XVII
801 1335 984 1401 munitione
1012 1342 1083 1400 erat
1113 1357 1206 1400 com-

135 1443 264 1528 plexuS,
294 1439 487 1524 perficiendi
516 1440 663 1522 spatium
694 1462 761 1505 non
790 1443 903 1512 dabat.
949 1442 1061 1526 itaque
1091 1448 1206 1506 contra
1229 1475 1246 1512 ς,

135 1570 227 1615 mare
261 1554 487 1612 transversum
519 1548 663 1629 vallum,
699 1548 755 1633 qui
789 1551 852 1614 has
887 1552 972 1615 duas
1006 1549 1207 1614 munitiones

136 1656 368 1739 coniungeret,
392 1656 551 1737 knondum
584 1657 780 1738 perfecerat.
828 1678 913 1741 quae
946 1677 1000 1721 res
1035 1664 1113 1721 nota
1137 1662 1207 1722 erat

134 1763 306 1847 Pompeio,
330 1762 442 1827 delata
473 1783 532 1845 per
561 1762 759 1849 Allobrogas
782 1764 955 1849 perfugam
979 1784 1207 1848 magnumque

135 1872 257 1937 nostris
281 1870 437 1936 attulerat
459 1871 717 1936 incommodum.
764 1894 843 1937 nam
867 1875 904 1935 ut
927 1872 970 1935 ad
988 1891 1079 1935 mare
1102 1871 1136 1935 II
1150 1890 1206 1934 co·
1229 1906 1246 1943 s,

136 1978 253 2043 hortos
275 1998 384 2041 nonae
407 1976 546 2060 legionis
562 1979 798 2057 circumerant,
814 1997 984 2042 accessere
1007 1975 1116 2041 subito
1140 1975 1208 2060 pri=

137 2106 194 2149 ma
216 2086 292 2150 luce
314 2083 530 2168 Pompeiani:
562 2084 662 2148 simul
684 2084 827 2148 navibus
851 2082 1065 2149 circumvecti
1087 2082 1209 2149 milites

138 2192 175 2258 in
197 2191 395 2257 exteriorem
430 2191 556 2255 vallum
592 2192 657 2255 tela
688 2191 855 2256 iaciebant
882 2192 1057 2274 fossaeque
1085 2211 1209 2275 aggere

138 2300 402 2383 complebantur,
426 2306 459 2362 et
492 2298 665 2382 legionarii
687 2298 852 2364 interioris
875 2297 1069 2362 munitionis
1092 2299 1208 2363 defen-

138 2428 229 2474 sores
249 2407 350 2471 scalis
375 2406 517 2470 admotis
542 2407 712 2470 tormentis
736 2406 896 2491 cuiusque
919 2405 1050 2491 generis
1069 2406 1208 2491 telisque

136 2516 316 2594 terrebant,
333 2535 521 2599 magnaque
536 2513 713 2580 multitudo
732 2515 979 2599 sagittariorum
1001 2518 1044 2581 ab
1067 2522 1208 2600 utraque

137 2628 233 2708 parte
265 2621 606 2692 circumfundebatur.
653 2620 796 2687 multum
821 2630 933 2688 autem
957 2625 999 2688 ab
1024 2623 1092 2689 iotu
1122 2623 1208 2706 lapi·
1230 2654 1244 2694 7

138 2731 230 2809 dum,
246 2730 335 2813 quod
358 2750 462 2792 unum
479 2728 601 2793 nostris
626 2735 696 2794 erat
719 2729 831 2810 telum,
854 2731 1000 2795 viminea
1025 2730 1208 2815 tegimenta

139 2836 247 2921 galeis
260 2835 418 2919 imposita
435 2835 668 2906 defendebant.
707 2836 820 2921 itaque
840 2859 917 2901 oum
932 2836 1086 2901 omnibus
1108 2836 1207 2900 rebus
1230 2868 1247 2909 ⁸

136 2942 243 3008 nostri
265 2948 494 3026 premerentur
517 2946 617 3024 atque
641 2962 741 3025 aegre
765 2942 966 3021 resisterent,
994 2941 1208 3007 animadver-

137 3070 214 3114 sum
237 3055 288 3114 est
315 3049 434 3114 vitium
464 3047 672 3126 munitium,
696 3049 785 3131 quod
816 3069 917 3132 supra
945 3049 1209 3114 demonstratum

137 3163 199 3238 est,
222 3164 322 3242 atque
354 3157 439 3222 iuter
470 3158 553 3220 duos
584 3156 692 3219 vallos
722 3176 790 3240 qua
824 3156 1008 3240 perlectum
1032 3177 1114 3240 opus
1143 3179 1210 3221 oon

138 3270 220 3343 erat,
238 3264 435 3348 Pompeiani
453 3264 598 3328 navibus
622 3262 764 3347 expositi
781 3263 817 3327 in
836 3285 972 3330 aversos
996 3271 1126 3329 nostros
1146 3264 1210 3329 im·

138 3380 253 3458 petum
287 3372 439 3438 fecerunt
469 3377 569 3455 atque
600 3393 642 3436 ex
677 3376 819 3455 utraque
851 3370 1032 3436 munitione
1063 3371 1208 3438 deiectos

138 3487 233 3565 terga
259 3486 388 3544 vertere
413 3484 603 3563 coegerunt.

229 3588 350 3654 LXIV.
382 3589 455 3654 Hoc
477 3587 622 3653 tumultu
645 3586 794 3652 nuntiato
822 3586 1035 3652 Marcellinus
1058 3587 1208 3652 cohortes
1234 3616 1243 3657 1

140 3696 290 3763 subsidio
313 3694 434 3760 nostris
457 3694 685 3759 laborantibus
701 3693 867 3759 submittit
890 3716 930 3758 ex
948 3693 1078 3758 castris.
1124 3714 1208 3777 quae

139 3803 308 3888 fugientes
331 3800 542 3886 conspicatae
558 3821 665 3884 neque
680 3798 753 3863 illos
770 3820 829 3863 suo
850 3801 995 3865 adventu
1012 3798 1209 3864 confirmare
