2768 4200
383 217 501 276 COMM.
520 219 572 275 Ill.
593 218 980 275 CAP.Lxxxv11-xo1.
1163 217 1213 272 127

145 386 206 447 rat.
253 381 386 449 sinistro
406 403 508 448 cornu
528 380 721 462 Antonium,
740 383 855 447 dextro
874 383 912 448 P.
933 382 1070 464 Sullam,
1084 381 1213 447 mediae

146 489 230 556 aciei
250 491 310 557 Cn.
323 490 506 556 Domitium
523 494 775 573 praeposuerat3
793 489 865 573 ipse
885 494 999 556 contra
1015 489 1212 575 Pompeium

148 599 302 666 constitit.
349 598 448 663 simul
470 597 511 663 iis
541 599 640 663 rebus
672 597 926 678 animadversis,
959 619 1042 684 quas
1074 599 1247 665 demon-a

146 707 337 788 stravimus,
368 707 499 785 timens
522 729 608 773 nea
640 707 850 772 multitudine
880 707 1029 792 equitum
1058 708 1211 773 dextrum

146 836 249 880 cornu
272 813 575 896 circumveniretur,
599 814 748 881 celeriter
771 835 812 879 ex
835 814 933 880 tertia
962 813 1032 880 acie
1062 813 1212 896 singulas

146 919 299 985 cohortes
321 920 461 987 detraxit
479 926 579 1006 atque
603 943 644 986 ex
666 920 719 985 his
742 926 896 1006 quartam
918 919 1060 987 instituit
1083 919 1212 1006 equita-

145 1029 258 1115 tuique
277 1030 429 1114 opposuit
453 1036 485 1097 et
508 1031 588 1117 quid
619 1031 691 1097 lieri
721 1031 819 1096 vellet
847 1029 989 1096 ostendit
1019 1030 1212 1114 monuitque

145 1137 216 1203 eius
235 1137 300 1204 dici
324 1137 497 1205 victoriam
521 1139 555 1204 in
571 1161 686 1206 earum
704 1139 888 1205 cohortium
905 1138 1028 1204 virtute
1048 1142 1210 1215 constare,

144 1244 243 1311 simul
261 1244 376 1312 tertiae
400 1246 484 1312 aciei
507 1245 630 1334 totique
654 1247 810 1313 exercitui
825 1246 1010 1332 imperavit,
1026 1269 1068 1312 ne
1083 1244 1211 1311 iniussu
1234 1266 1246 1308 l

144 1375 203 1418 suo
227 1361 479 1438 concurrerent3
505 1378 550 1439 se,
575 1378 652 1423 cum
667 1356 703 1421 id
721 1354 792 1421 fieri
808 1351 916 1437 vellet,
940 1354 1061 1421 vexillo
1077 1353 1208 1441 signum

144 1463 310 1529 daturum.

232 1571 302 1642 XO.
349 1572 539 1638 Exercitum
577 1595 654 1638 cum
689 1572 824 1637 militari
858 1594 949 1637 more
982 1574 1025 1637 ad
1060 1590 1243 1659 pugnaml

143 1678 371 1746 cohortaretur
401 1702 529 1765 suaque
560 1680 594 1745 in
626 1702 702 1746 eum
732 1679 881 1764 perpetui
912 1680 1070 1764 temporis
1101 1682 1209 1747 officia

143 1788 359 1870 praedicaret,
373 1788 536 1873 imprimis
555 1788 827 1854 commemoravit
839 1787 979 1854 testibus
998 1810 1033 1854 se
1048 1789 1208 1856 militibus
1230 1806 1243 1847 2

144 1893 193 1961 uti
215 1917 324 1979 posse,
344 1902 468 1981 quanto
492 1895 600 1962 studio
618 1917 735 1982 pacem
755 1896 908 1982 petisset;
932 1917 1017 1980 quae
1036 1917 1095 1981 per
1114 1898 1207 1964 Vati-

141 2004 233 2068 nium
256 2004 291 2067 in
315 2003 494 2088 colloquiis
519 2025 603 2088 qnae
626 2026 685 2088 per
707 2003 832 2069 Aulum
855 2003 1008 2069 Clodium
1032 2026 1109 2071 cum
1136 2006 1209 2073 Sci-

141 2111 238 2193 pione
263 2110 395 2194 egisset,
419 2111 669 2195 quibusmodis
692 2113 736 2177 ad
759 2111 896 2179 Oricum
920 2133 996 2177 cum
1020 2112 1145 2179 Libone
1167 2116 1207 2180 de

142 2219 310 2285 mittendis
332 2220 451 2304 legatis
471 2221 707 2289 contendisset.
754 2245 863 2308 neque
882 2244 918 2289 se
934 2243 1094 2308 umquam
1113 2225 1206 2291 abuti
1229 2234 1241 2276 3

141 2329 280 2393 militum
305 2329 467 2413 sanguine
486 2351 594 2414 neque
613 2351 682 2395 rem
700 2330 868 2416 publicam
889 2331 1045 2397 alterutro
1061 2333 1205 2400 exercitu

140 2434 270 2518 privare
293 2435 449 2506 voluisse.
488 2435 554 2500 hac
576 2435 691 2501 habita
708 2437 853 2503 oratione
870 2439 1124 2522 exposcentibus
1141 2439 1205 2505 mi·
1229 2449 1240 2490 ⁴

128 2532 251 2608 'lilibus
276 2550 307 2609 et
330 2544 439 2610 studio
463 2565 596 2629 pugnae
621 2544 815 2611 ardentibus
845 2547 925 2611 tuba
947 2544 1080 2631 signum
1104 2546 1204 2617 dedit.

226 2649 315 2717 XCI.
339 2651 420 2717 Erat
441 2651 615 2718 Crastinus
639 2658 798 2719 evocatus
811 2653 846 2718 in
873 2653 1018 2720 exercitu
1041 2653 1205 2734 Caesaris,
1229 2664 1239 2706 1

139 2758 194 2840 qui
217 2759 386 2843 superiore
411 2782 497 2825 auno
522 2762 611 2845 apud
630 2783 705 2827 eum
728 2761 871 2846 primum
892 2761 996 2845 pilum
1020 2761 1054 2825 in
1076 2760 1204 2844 legione

137 2863 180 2926 X.
226 2865 374 2945 duxerat,
398 2866 450 2930 vir
473 2867 634 2951 singulari
651 2868 780 2933 virtute.
829 2868 884 2932 hio
908 2869 1003 2952 signo
1027 2868 1105 2934 dato
1129 2876 1204 2934 ‘se-

138 2965 278 3053 quimini
301 2972 385 3051 me,’
402 2971 519 3056 inquit,
543 2974 788 3058 ‘manipulares
804 2974 869 3039 mei
883 2975 940 3058 qui
959 2973 1079 3056 fuistis,
1099 2980 1131 3039 et
1144 2997 1203 3040 ve·
1277 3042 1282 3055 ,

136 3081 204 3142 stro
227 3074 418 3160 imperatori
441 3099 542 3163 quam
570 3079 786 3146 constituistis
811 3101 945 3165 operam
969 3082 1056 3146 date.
1101 3104 1203 3147 unum
1227 3110 1239 3151 2

134 3187 198 3251 hoc
221 3186 383 3270 proelium
407 3196 574 3274 superest3
599 3211 663 3274 quo
688 3192 838 3257 confecto
862 3191 965 3257 atille
981 3212 1077 3257 suam
1093 3191 1203 3275 digni-

135 3299 237 3360 tatem
260 3299 292 3359 ct
314 3316 374 3359 nos
393 3301 540 3360 nostram
555 3295 742 3362 libertatem
760 3298 1063 3382 recuperabimus'
1105 3297 1203 3362 simul

134 3399 316 3486 respiciens
339 3401 517 3468 Caesarem
538 3405 712 3479 ‘faciam'
735 3404 852 3491 inquit,
868 3406 998 3488 ‘hodie,
1014 3407 1202 3490 imperator,

134 3515 171 3574 ut
193 3514 251 3573 aut
273 3507 350 3588 vivo
374 3509 455 3574 mihi
478 3517 536 3577 aut
559 3517 686 3576 mortuo
710 3513 836 3596 gratias
859 3514 972 3597 agas’
1018 3513 1102 3577 haec
1126 3534 1200 3578 cum

133 3614 280 3696 dixisset,
304 3615 430 3698 primus
454 3639 493 3682 ex
517 3619 630 3683 dextro
654 3639 756 3683 cornu
775 3618 989 3702 procucurrit,
1009 3624 1107 3703 atque
1125 3639 1201 3683 eum

133 3723 229 3790 electi
251 3725 373 3790 milites
392 3724 523 3791 circiter
548 3725 642 3791 CXX
665 3726 840 3793 voluntarii
865 3726 1016 3794 eiusdem
1032 3725 1201 3792 centuriae

135 3837 211 3898 sunt
225 3833 402 3917 prosecuti.
