2768 4200
605 229 658 284 DE
677 228 803 285 BELLO
824 228 945 285 CIVILI

207 404 216 444 1
331 391 419 455 XLI.
439 390 487 454 Eo
503 388 606 453 biduo
623 389 750 454 Caesar
765 411 842 454 cum
866 389 1035 474 equitibus
1055 388 1210 467 DCCCC,
1230 402 1318 474 quos

243 495 307 561 sibi
329 496 495 581 praesidio
517 496 707 581 reliquerat,
737 495 772 560 in
797 503 908 561 castra
931 497 1091 581 pervenit.
1137 517 1232 581 ponS,
1256 497 1315 580 qui

243 603 352 669 suerat
374 608 570 687 tempestate
584 604 798 688 interruptus,
821 626 928 689 paene
948 612 1018 671 erat
1040 605 1200 684 resectus;
1224 605 1334 668 huno'

206 725 220 766 2
242 716 343 775 noctu
365 711 479 795 perfici
501 711 609 777 iussit.
654 713 727 796 ipse
750 713 886 797 cognita
907 714 1057 778 locorum
1080 719 1201 778 natura
1223 713 1315 797 ponti

244 819 410 902 castrique
443 818 609 903 praesidio
633 839 691 884 sex
723 821 876 886 cohortes
899 821 1056 904 relinquit
1078 826 1179 904 atque
1202 819 1317 883 omnia·

243 925 483 1011 impedimenta
505 932 539 991 et
561 931 692 1009 postero
717 926 770 991 die
800 926 954 992 omnibus
986 925 1092 1010 copiis
1116 925 1238 1010 triplici
1261 926 1319 988 in-

244 1037 370 1098 structa
385 1031 457 1096 acie
470 1032 513 1096 ad
528 1030 674 1096 Ilerdam
685 1031 911 1115 proficiscitur*
921 1038 954 1096 ct
970 1033 1032 1096 sub
1050 1032 1169 1096 castris
1185 1030 1316 1095 Afranii

243 1139 390 1206 constit't
412 1144 445 1203 et
467 1138 513 1202 ibi
531 1137 702 1222 paulisper
719 1140 782 1202 sub
807 1137 910 1202 armis
934 1145 1082 1203 moratus
1105 1137 1186 1201 facit
1209 1158 1320 1220 aequo

243 1247 316 1311 loco
337 1245 511 1329 pugnandi
531 1250 740 1328 potestatem.
787 1249 951 1327 potestate
967 1245 1058 1309 sacta
1082 1243 1242 1308 Afranius
1258 1264 1319 1306 co·

244 1350 318 1433 pias
348 1349 459 1415 educit
493 1355 525 1414 ct
560 1349 596 1414 iu
628 1349 738 1413 medio
772 1349 856 1414 colle
888 1352 951 1414 sub
981 1349 1101 1415 castris
1135 1348 1315 1413 constituit.

208 1457 371 1522 3Caesar
401 1456 458 1520 ubi
490 1456 648 1541 cognovit
680 1478 739 1540 per·
769 1457 947 1521 Afranium
978 1463 1076 1535 stare,
1107 1477 1172 1540 quo
1206 1457 1320 1520 minus

245 1564 371 1648 proelio
393 1564 616 1644 dimicaretur,
646 1566 689 1629 ab
722 1563 845 1629 infimis
873 1563 1042 1629 radicibus
1065 1563 1191 1627 montis
1214 1564 1318 1627 intor-

245 1671 358 1738 missis
382 1671 515 1737 circiter
537 1671 693 1756 passibus
716 1670 830 1737 CCCC
855 1665 978 1736 castra
995 1672 1106 1734 facere
1130 1669 1319 1748 constituit;

208 1788 279 1848 4et
305 1804 348 1846 ne
371 1781 404 1846 in
429 1802 527 1865 opere
556 1781 710 1846 faciendo
734 1779 856 1844 milites
886 1777 1059 1861 repentino
1088 1775 1235 1841 hostium
1259 1777 1314 1839 in-

245 1910 346 1953 cursu
375 1893 616 1954 exterrerentur
651 1895 751 1972 atque
787 1908 885 1973 opere
919 1886 1191 1970 prohiberentur,
1227 1883 1319 1947 vallo

245 1996 368 2061 muniri
400 1995 515 2075 vetuit,
549 1997 639 2079 quod
664 1997 814 2062 eminere
842 2001 874 2060 et
898 1993 1013 2079 procul
1043 1992 1151 2056 videri
1180 2004 1320 2054 necesse

246 2108 325 2182 erat,
355 2104 414 2167 sed
448 2125 469 2167 a
496 2104 605 2167 fronte
637 2109 753 2169 contra
780 2104 910 2168 hostem
941 2103 1065 2186 pedum
1098 2100 1161 2165 XV
1192 2100 1318 2163 fossam

210 2210 318 2278 esreri
348 2210 454 2274 iussit.
502 2210 610 2293 prima
648 2218 681 2277 et
711 2212 860 2276 secunda
888 2209 979 2275 aoies
1006 2209 1039 2274 in
1067 2209 1180 2287 armis,
1208 2213 1245 2270 ut
1275 2207 1321 2269 ab

246 2315 338 2381 initio
372 2315 553 2381 constituta
590 2323 676 2397 erat,
705 2320 939 2402 permanebat3
971 2325 1047 2402 post
1080 2317 1141 2381 hos
1168 2337 1252 2399 opus
1282 2314 1317 2376 in

247 2423 377 2488 occulto
401 2445 421 2487 a
444 2423 502 2487 ΙΙΙ.
551 2424 623 2488 acie
645 2424 757 2489 siebat.
804 2425 853 2488 sic
877 2446 973 2488 omne
998 2424 1091 2507 prius
1115 2428 1164 2486 est
1187 2422 1320 2504 perseo·
1373 2459 1378 2465 =

212 2557 225 2595 o
247 2537 327 2610 tum,
344 2551 446 2614 quam
461 2530 707 2614 intellegeretur
732 2532 774 2593 ab
795 2530 934 2594 Afranio
958 2537 1068 2594 castra
1081 2528 1212 2593 muniri.
1254 2531 1322 2592 sub

246 2657 423 2720 vesperum
448 2637 573 2701 Caesar·
606 2637 693 2700 intra
727 2637 817 2700 hano
848 2637 975 2701 fossam
1006 2635 1156 2720 legiones
1190 2635 1319 2699 reducit

247 2751 346 2828 atque
369 2743 415 2808 ibi
438 2744 501 2808 sub
526 2744 628 2808 armis
649 2743 801 2826 proxima
824 2749 921 2808 nocte
939 2742 1154 2828 conquiescit.

213 2876 225 2918 1
337 2855 442 2918 XLII.
466 2854 605 2918 Postero
629 2853 681 2917 die
704 2874 837 2918 omnem
872 2853 1055 2917 exercitum
1079 2853 1168 2917 intra
1191 2854 1319 2917 fossam

249 2961 397 3026 continet
415 2967 457 3040 et,
474 2963 563 3046 quod
585 2960 720 3046 longius
744 2968 815 3026 erat
839 2981 943 3046 agger
966 2963 1142 3047 petendus
1165 2962 1200 3025 in
1224 2983 1322 3044 prae-

249 3069 356 3134 sentia
378 3069 519 3134 similem
535 3070 699 3136 rationem
721 3068 830 3153 operis
843 3068 984 3133 instituit
1000 3068 1199 3153 singulaque
1215 3068 1321 3155 latera

250 3182 436 3241 castrorum
467 3177 609 3260 singulis
642 3177 793 3243 attribuit
823 3175 1012 3260 legionibus
1040 3174 1220 3239 munienda
1250 3174 1322 3238 fos-

249 3304 372 3367 sasque
396 3284 440 3347 ad
459 3285 598 3348 eandem
619 3284 884 3368 magnitudinem
907 3282 1022 3366 perfici
1045 3282 1151 3361 iubet3
1175 3280 1324 3365 reliquas

249 3389 400 3473 legiones
428 3388 463 3451 iu
496 3390 599 3452 armis
629 3389 800 3473 expeditas
834 3393 949 3451 contra
976 3388 1107 3452 hostem
1139 3385 1321 3450 constituit.

214 3533 228 3573 2
251 3496 411 3562 Afranius
435 3495 652 3580 Petreiusque
675 3496 818 3561 terrendi
842 3516 946 3560 causa
964 3502 1063 3579 atque
1079 3495 1189 3578 operis
1213 3494 1324 3576 impc-

251 3603 364 3671 diendi
388 3604 502 3688 copias
524 3621 614 3667 suas'
627 3604 670 3667 ad
693 3602 825 3667 infimas
848 3603 970 3667 montis
986 3603 1116 3666 radices
1134 3603 1323 3685 producunt

215 3748 229 3788 3
252 3718 284 3778 et
306 3711 431 3795 proelio
457 3711 645 3791 lacessunt3
672 3731 780 3795 neque
808 3709 933 3774 idcirco
957 3709 1082 3774 Caesar
1110 3729 1193 3791 opus
1216 3707 1323 3771 inter-

252 3819 354 3886 mittit
384 3819 530 3884 ooufisus
558 3817 724 3903 pracsidio
750 3817 921 3901 legionum
951 3816 1051 3881 trium
1082 3820 1114 3880 et
1138 3814 1323 3879 munitione
