2768 4200
358 213 480 270 conii.
502 217 525 271 r.
547 190 630 272 cir.
650 217 895 273 xxxru-xn.
1130 216 1167 271 23

94 377 293 463 Hispaniam
320 380 430 444 facere
460 381 702 466 confestimque
732 401 805 446 esse
829 386 1018 445 venturum.
1066 381 1165 447 simul

91 509 115 550 a
149 487 289 552 tribunis
322 487 464 553 militum
498 489 814 573 centurionibusque
844 493 978 552 mutuas
1005 489 1166 571 pecunias

91 595 257 679 sumpsit3
281 595 344 660 has
375 596 536 660 exercitui
569 595 747 661 distribuit.
799 617 864 680 quo
887 595 976 660 facto
1001 597 1085 661 duas
1112 617 1166 661 res

91 706 294 766 consecutus
318 708 379 781 est,
412 703 501 786 quod
529 702 667 787 pignore
691 703 821 767 animos
852 701 1084 768 centurionum
1107 705 1167 769 de-

93 808 202 872 vinxit
224 813 257 872 et
278 807 454 890 largitione
477 806 621 872 rnilitum
643 807 832 873 voluntates
854 806 1005 872 redemit.

184 915 255 978 XL.
280 914 404 979 Fabius
435 914 652 979 finitimarum
683 915 858 980 civitatum
887 913 1017 978 animos
1047 913 1167 980 litteris

94 1020 285 1103 nuntiisque
301 1021 496 1104 temptabat.
542 1021 578 1085 in
595 1021 700 1087 Sicori
717 1020 855 1087 flumine
869 1026 987 1106 pontes
1011 1023 1167 1088 offecerat

95 1127 181 1189 duos
199 1125 362 1192 distantes
382 1126 466 1192 inter
484 1149 520 1191 se
536 1128 629 1192 milia
651 1149 812 1213 passuum
830 1128 888 1194 IV.
936 1127 990 1192 his
1008 1128 1167 1211 pontibus

95 1232 291 1315 pabulatum
308 1233 472 1314 mittebat,
496 1237 585 1320 quod
601 1256 650 1312 ea,
671 1257 756 1320 quae
772 1236 855 1301 citra
877 1237 1000 1300 flumen
1023 1237 1165 1312 fuerant,

93 1339 323 1422 superioribus
346 1341 464 1406 diebus
481 1349 741 1427 consumpserat.
780 1344 845 1408 hoc
861 1342 950 1408 idem
973 1344 1043 1407 fere
1067 1348 1167 1427 atquc
1204 1389 1216 1403 .

92 1448 214 1511 eadem
239 1448 279 1511 de
308 1469 411 1513 causa
438 1449 637 1534 Pompeiani
664 1451 830 1516 exercitus
860 1452 964 1516 duces
988 1450 1167 1530 faciebant,

92 1554 277 1638 crebroque
310 1555 397 1620 inter
430 1577 466 1620 se
500 1557 709 1642 equestribus
743 1557 878 1642 proeliis
912 1560 1167 1624 contendebant.

94 1661 170 1724 Huc
193 1682 270 1725 cum
303 1662 472 1727 cotidiana
500 1663 742 1729 consuetudine
775 1685 929 1748 egressae
961 1665 1168 1749 pabulatori-
1206 1701 1208 1706 ·

94 1768 158 1832 bus
186 1768 353 1850 pracsidio
386 1770 541 1854 propiore
568 1775 677 1853 ponte
700 1770 850 1856 legiones
878 1772 1049 1837 Fabianae
1082 1773 1168 1836 duae

92 1875 218 1938 flumen
243 1875 442 1940 transissent
465 1876 770 1960 impedimentaque
802 1884 834 1942 et
863 1877 971 1942 omnis
1001 1876 1168 1962 equitatus

94 1989 308 2065 sequeretur,
340 1984 449 2048 subito
473 1984 509 2048 vi
542 1992 715 2050 ventorum
748 1991 780 2050 et
809 2007 916 2071 aquae
939 1986 1169 2069 magnitudine

96 2111 181 2171 pons
205 2096 255 2155 est
286 2091 487 2174 interruptus
512 2097 544 2156 et
573 2092 702 2175 reliqua
733 2091 910 2158 multitudo
938 2094 1087 2178 equitum
1116 2092 1168 2157 in-

94 2196 250 2263 terclusa.
298 2218 363 2281 quo
395 2196 527 2281 cognito
558 2219 579 2261 a
601 2197 731 2264 Petreio
760 2206 792 2263 et
814 2198 954 2263 Afranio
983 2219 1170 2283 exaggero

93 2309 198 2388 atque
221 2303 384 2383 cratibus3
414 2325 499 2388 quae
531 2305 665 2370 flumine
693 2306 900 2385 serebantur,
930 2304 1081 2370 celeriter
1108 2326 1169 2371 suo

96 2421 196 2498 ponte
219 2413 391 2495 Afranius,
415 2436 514 2498 quem
530 2415 651 2499 oppido
670 2415 856 2500 castrisque
879 2415 1094 2481 coniunctum
1110 2415 1172 2479 ha-

95 2523 207 2602 bebat,
230 2523 379 2607 legiones
394 2522 442 2587 IV
458 2521 710 2606 equitatumque
733 2542 867 2587 omnem
890 2521 1063 2586 transiecit
1085 2522 1170 2585 dua-

95 2632 226 2714 busque
241 2629 399 2695 Fabianis
415 2629 560 2695 cccurrit
573 2628 770 2713 legionibus.
809 2629 905 2693 cuius
918 2630 1066 2692 adventu
1082 2649 1169 2692 nun·
1205 2645 1216 2682 s

95 2737 177 2801 tiato
200 2738 238 2802 L.
262 2737 418 2816 Plancus,
443 2737 501 2823 qui
524 2736 712 2821 legionibus
735 2743 898 2821 praeerat,
921 2733 1111 2800 necessaria
1133 2756 1169 2799 re

94 2849 234 2908 coactus
257 2843 370 2907 locum
393 2845 485 2928 capit
507 2844 712 2927 superiorem
736 2843 972 2924 diversamque
1003 2840 1111 2905 aciem
1134 2841 1169 2904 in

95 2951 183 3012 duas
206 2955 317 3032 partes
340 2951 521 3029 constituit,
539 2972 580 3015 ne
604 2950 647 3014 ab
666 2949 815 3033 equitatu
840 2946 1073 3012 circumveniri
1091 2968 1170 3030 pos-

96 3061 159 3120 set.
204 3055 252 3119 ita
274 3076 475 3140 congressus
497 3055 619 3140 impari
634 3075 772 3119 numero
790 3073 930 3136 magnos
953 3052 1098 3136 impetus
1120 3053 1170 3117 le·
1213 3073 1218 3084 ·

96 3162 234 3247 gionum
259 3161 492 3246 equitatusque
520 3162 671 3226 sustinet.
718 3159 895 3225 commisso
928 3160 971 3224 ab
1001 3159 1170 3244 equitibus

98 3269 223 3354 proelio
246 3269 345 3353 signa
367 3269 535 3353 legionum
558 3271 700 3333 duarum
721 3266 838 3353 'procul
857 3269 901 3332 ab
923 3266 1072 3351 utrisque
1087 3288 1169 3332 con-

29 3397 32 3407 ·
96 3376 296 3461 spiciuntur,
320 3398 404 3461 quas
428 3375 465 3441 Ο.
489 3377 613 3442 Fabius
636 3374 790 3440 ulteriore
813 3381 913 3459 ponte
936 3373 1086 3439 subsidio
1108 3394 1170 3438 no-

97 3482 177 3546 stris
200 3481 335 3548 miserat
357 3481 547 3566 suspicatus
574 3481 645 3545 lore
667 3481 713 3560 id,
737 3481 826 3565 quod
849 3479 982 3561 accidit,
1005 3484 1043 3544 ut
1066 3480 1169 3543 duces

98 3587 368 3653 adversariorum
384 3587 560 3653 occasione
579 3593 612 3652 et
626 3587 786 3652 beneficio
809 3587 962 3653 fortunae
980 3587 1171 3650 adnostros

99 3695 335 3779 opprimendos
358 3700 537 3760 uterentur.
584 3715 725 3779 quarum
742 3697 893 3760 adventu
908 3693 1071 3780 proelium
1087 3691 1171 3756 diri-

99 3801 210 3882 mitur,
235 3823 275 3867 ac
298 3822 376 3866 suas
399 3807 537 3885 uterque
559 3800 707 3886 legiones
729 3800 860 3866 reducit
883 3800 921 3864 in
941 3806 1072 3864 castra.
