2768 4200
439 245 559 304 COMM.
579 246 601 300 Ι.
621 245 706 300 ΟΑΡ.
725 243 898 299 XVI-XX.
1171 242 1202 298 11

135 409 241 473 lectus
266 415 346 490 erat,
367 410 553 475 revertitur.
601 409 727 474 Caesar
751 429 808 472 eas
832 408 983 473 cohortes
1007 427 1083 471 cum
1108 429 1200 472 exer·
1241 427 1254 466 ⁴

132 515 201 580 citu
225 538 285 581 suo
308 516 478 582 coniunxit
500 515 695 599 Attiumque
718 515 917 580 incolumem
942 514 1077 581 dimisit.
1117 515 1203 579 Cae·
1289 571 1292 575 .

134 644 190 686 sar
214 623 332 708 primis
356 624 473 689 diebus
496 629 606 688 castra
631 622 762 706 magnis
786 622 941 706 operibus
964 623 1093 688 munire
1110 629 1142 688 et
1161 645 1201 687 ex

134 730 282 795 finitimis
306 729 497 814 municipiis
520 731 725 794 frumentum
757 735 963 812 comportare
991 728 1202 814 reliquasque

133 837 249 920 copias
265 843 456 921 exspectare
475 836 627 906 instituit.
663 856 701 901 eo
721 835 829 902 triduo
848 835 935 920 legio
953 835 1043 899 VIII.
1065 837 1107 899 ad
1127 856 1202 898 eum
1240 863 1252 905 5

135 943 228 1008 venit
250 943 468 1027 cohortesque
484 966 523 1008 ex
539 942 635 1006 novis
654 941 783 1007 Galliae
799 941 976 1006 dilectibus
991 941 1091 1012 XXII
1109 941 1203 1025 equi-

134 1057 250 1133 tesque
274 1051 317 1113 ab
340 1070 418 1133 rege
442 1049 562 1114 Norico
585 1049 718 1115 circiter
740 1049 835 1115 CCC.
883 1071 1023 1133 quorum
1056 1050 1204 1114 adventu

135 1156 240 1219 altera
262 1161 373 1220 castra
396 1158 440 1220 ad
464 1157 600 1221 alteram
625 1156 738 1240 oppidi
768 1163 897 1240 partem
927 1155 1040 1240 pouit3
1064 1155 1116 1220 his
1145 1177 1203 1219 ca-

135 1261 215 1325 stris
238 1261 416 1327 Curionem
440 1262 597 1347 praeficit.
637 1261 772 1346 reliquis
795 1263 914 1327 diebus
931 1262 1091 1346 oppidum
1115 1261 1203 1325 vallo
1240 1293 1253 1331 e

137 1369 347 1454 castellisque
377 1369 633 1436 circummunire
663 1370 815 1436 instituit.
864 1371 960 1436 cuius
991 1370 1100 1455 operis
1131 1392 1203 1435 ma·

136 1478 225 1543 xima
249 1484 342 1562 parte
366 1480 486 1544 effecta
509 1480 625 1544 eodem
650 1480 717 1543 sere
741 1484 887 1563 tempore
910 1477 1003 1543 missi
1027 1479 1070 1542 ad
1101 1479 1202 1543 Pom-

136 1587 247 1671 peium
271 1594 489 1653 revertuntur.

225 1695 319 1760 XIX.
336 1695 468 1760 Litteris
485 1696 637 1779 perlectis
653 1695 818 1761 Domitius
839 1695 1054 1759 dissimulans
1070 1695 1105 1759 in
1122 1717 1202 1760 con·
1241 1720 1250 1760 1

134 1801 208 1865 silio
232 1803 423 1886 pronuntiat
445 1803 640 1887 Pompeium
665 1803 815 1868 celeriter
837 1803 985 1867 subsidio
1007 1806 1202 1886 tuenturum

135 1909 352 1995 hortaturque
374 1932 440 1991 eos,
457 1933 498 1976 ue
524 1911 635 1976 animo
654 1911 809 1976 deficiant
824 1931 976 1995 quaeque
994 1911 1070 1975 usui
1086 1913 1129 1976 ad
1146 1914 1202 1976 de-

136 2018 340 2082 fendendum
363 2017 523 2102 oppidum
547 2018 613 2084 sint
629 2023 756 2102 parent.
796 2017 869 2100 ipse
884 2038 1006 2082 arcano
1022 2040 1098 2082 cum
1117 2040 1201 2102 pau-
1239 2039 1251 2080 a

135 2122 185 2185 cis
209 2121 426 2194 familiaribus
450 2122 517 2187 suis
541 2123 737 2207 colloquitur
760 2123 1000 2208 consiliumque
1024 2124 1125 2208 fugae
1142 2146 1200 2189 ca-

136 2250 214 2313 pere
239 2228 416 2294 const'tuit.
463 2251 540 2293 curn
563 2230 675 2293 vultus
698 2229 835 2296 Domitii
858 2252 934 2294 cum
959 2231 1105 2297 oratione
1135 2254 1200 2296 non
1238 2255 1251 2295 u

134 2335 336 2401 consentiret
359 2343 458 2420 atque
481 2335 594 2400 omnia
617 2336 835 2420 trepidantius
859 2337 1073 2423 timidiusque
1090 2346 1202 2423 ageret

134 2465 236 2528 quam
261 2444 488 2528 superioribus
512 2443 628 2509 diebus
651 2452 864 2520 consuesset,
888 2446 1095 2530 multumque
1125 2470 1201 2513 cum

133 2548 204 2614 suis
237 2550 435 2616 consiliandi
466 2573 569 2616 causa
602 2557 728 2616 secreto
763 2558 893 2635 praeter
928 2554 1200 2620 consuetudinem

134 2656 390 2741 colloqueretur,
414 2658 554 2723 concilia
576 2665 827 2743 conventusque
851 2659 1022 2724 hominum
1053 2662 1201 2745 sugeret,

134 2784 187 2828 res
210 2764 335 2830 diutius
359 2766 426 2850 tegi
454 2765 722 2851 dissimularique
756 2788 823 2831 non
858 2767 974 2851 potuit.
1021 2767 1201 2851 Pompeius
1237 2787 1251 2828 4

134 2871 225 2936 enim
248 2874 463 2957 rescripserat
486 2895 559 2938 sese
582 2895 652 2938 rem
676 2874 710 2938 in
734 2895 901 2939 summum
929 2874 1110 2958 periculum
1142 2879 1201 2941 de-

135 2979 314 3044 ducturum
338 3003 404 3046 non
433 3003 522 3062 esse„
547 3004 654 3067 neque
683 3003 743 3046 suo
775 2981 911 3046 consilio
943 2988 1001 3046 aut
1030 2984 1201 3049 volunta-te

136 3084 318 3150 Domitium
342 3109 376 3151 se
399 3088 431 3152 in
457 3089 615 3172 oppidum
640 3088 821 3153 Corfinium
840 3088 1036 3167 contulisse3
1055 3090 1201 3174 proinde,

134 3191 164 3254 si
189 3213 256 3275 qua
278 3192 394 3256 luisset
417 3194 577 3261 facultas.
601 3197 642 3258 ad
668 3215 703 3258 se
728 3217 804 3259 curn
829 3195 983 3260 omnibus
1006 3195 1111 3280 copiis
1142 3219 1200 3262 ve-

134 3299 228 3365 niret.
264 3300 299 3364 id
321 3322 362 3365 ue
385 3301 454 3365 fieri
478 3311 600 3386 posset,
617 3303 789 3369 obsidione
809 3309 907 3388 atque
925 3303 1038 3388 oppidi
1058 3305 1201 3369 circum·
1237 3307 1255 3359 ὅ

134 3407 316 3473 nmnitioue
340 3409 448 3475 fiebat.

223 3516 299 3581 XX.
324 3517 505 3601 Divulgato
529 3517 666 3584 Domitii
690 3518 825 3582 consilio
856 3518 995 3599 milites,
1020 3519 1076 3604 qui
1107 3526 1202 3585 erant
1239 3503 1249 3571 ί

132 3614 278 3688 Corfinii,
295 3616 402 3699 primo
426 3617 557 3701 vesperi
580 3618 803 3683 secessionem
825 3619 951 3686 faciunt
967 3625 1066 3704 atque
1085 3619 1131 3683 ita
1149 3620 1200 3684 in-

134 3727 183 3782 ter
207 3741 241 3784 sc
265 3742 324 3804 per
348 3721 498 3786 trilmnos
521 3722 662 3788 militum
687 3724 959 3807 centurionesque
983 3732 1082 3808 atque
1097 3723 1201 3788 lione-

135 3827 299 3892 stissimos
323 3829 375 3893 sui
398 3830 529 3914 generis
554 3832 803 3916 colloquuntur:
827 3831 980 3896 obsideri
1003 3853 1044 3894 se
1071 3853 1099 3892 a
1123 3831 1220 3890 Que—
1252 3844 1276 3878 “-
