2768 4200
360 213 552 271 (3111111111.
576 213 658 268 CAP.
679 212 880 268 XIV-XVII.
1118 217 1153 270 85

84 377 242 455 throtum,
266 375 454 460 oppositum
479 375 655 461 Corcyrae.
702 375 748 440 ibi
772 375 892 441 certior
915 377 957 439 ab
987 375 1095 440 Acilio
1126 383 1194 440 eta

83 485 201 550 Murco
225 506 284 569 per
308 485 435 549 litteras
459 485 568 550 sactus
585 487 626 549 de
645 485 820 568 postulatis
839 484 978 550 Libonis
992 492 1025 551 et
1047 484 1157 550 Bibuli

83 593 253 677 legionem
275 593 439 676 relinquit,
463 592 534 676 ipse
556 591 693 657 Oricum
713 591 898 656 revertitur.
945 612 982 655 eo
999 612 1074 656 curn
1098 613 1156 654 ve-
1180 611 1193 651 3

85 701 200 780 nisset,
224 706 407 764 evocantur
431 699 478 763 illi
497 700 540 763 ad
557 698 770 782 colloquium.
818 697 927 782 prodit
949 698 1033 762 Libo
1056 704 1156 782 atque

83 815 222 873 excusat
244 807 411 887 Bibulum,
432 809 521 892 quod
544 807 572 871 is
596 807 771 873 iracundia
795 828 926 871 summa
949 812 1020 871 erat
1042 807 1154 871 iuimi-

83 917 247 1000 citiasque
270 916 418 979 habebat
434 915 536 980 etiam
560 914 710 998 privatas
735 936 810 978 cum
835 913 980 979 Caesare
1003 937 1043 979 ex
1061 916 1155 979 aedi-

82 1023 174 1088 litate
197 1029 229 1087 et
252 1029 408 1106 praetura
430 1030 624 1105 conceptas:
644 1022 685 1085 ob
702 1041 776 1085 eam
793 1043 932 1086 eausam
955 1021 1155 1104 colloquium

82 1129 219 1207 vitasse,
243 1152 285 1193 ne
308 1149 362 1192 res
385 1127 549 1192 maximae
569 1129 640 1212 spei
659 1128 892 1213 maximaeque
911 1128 1061 1193 utilitatis
1085 1129 1155 1193 eius

81 1237 258 1301 iracundia
285 1236 535 1319 impedirentur.
582 1257 678 1300 suam
702 1257 870 1300 summam
893 1257 965 1300 esse
989 1257 1029 1300 ae
1052 1237 1191 1306 luisset

82 1364 215 1427 semper
249 1345 465 1422 voluntatem,
500 1349 537 1407 ut
571 1351 824 1440 componeretur
855 1348 954 1426 atque
986 1345 1029 1407 ab
1052 1345 1155 1408 armis

81 1450 321 1531 discederetur,
351 1454 408 1516 sed
443 1456 640 1535 potestatem
675 1451 745 1515 eius
780 1450 827 1514 rei
860 1451 987 1515 nullam
1019 1452 1154 1530 habere,

81 1564 254 1641 prepterea
278 1560 366 1641 quod
389 1559 431 1622 de
459 1557 591 1622 consilii
614 1557 778 1622 sententia
810 1579 977 1622 summam
1000 1558 1079 1622 belli
1103 1580 1155 1622 re-

80 1685 222 1747 rumque
256 1664 403 1727 emnium
434 1664 592 1747 Pompeio
623 1664 843 1747 permiserint.
890 1667 949 1730 sed
980 1666 1154 1749 postulatis
1178 1694 1198 1732 .·›.

82 1770 237 1835 Caesaris
273 1770 415 1854 cognitis
440 1771 601 1834 missuros
625 1771 668 1834 ad
698 1771 904 1854 Pompeium,
929 1779 1029 1856 atque
1062 1773 1153 1835 illum

80 1879 209 1961 reliqua
233 1900 291 1962 pcr
314 1900 349 1942 se
365 1883 516 1942 acturum
533 1878 742 1942 hortantibus
758 1878 848 1961 ipsis.
895 1879 1020 1942 interea
1040 1900 1154 1942 urane-

82 1991 154 2047 rent
173 1984 332 2064 indutiae,
349 1986 428 2047 dum
445 1970 488 2048 ab
513 1984 570 2048 illo
593 1985 694 2049 rediri
713 1984 835 2067 posset,
853 2006 937 2049 neve
954 1985 1036 2050 alter·
1060 1987 1155 2050 alteri

81 2097 225 2153 noceret.
271 2090 338 2153 hue
358 2090 451 2153 addit
467 2111 575 2173 pauca
592 2093 632 2153 de
652 2111 756 2154 causa
772 2095 803 2155 et
824 2093 865 2155 de
882 2093 985 2175 copiis
1002 2095 1154 2158 auxiliis-

82 2216 146 2279 que
170 2197 250 2260 31113.

170 2303 277 2367 XVII.
299 2302 431 2384 Quibus
450 2306 551 2368 rebus
570 2327 679 2390 neque
695 2312 765 2370 turn
784 2308 1051 2390 respondendum
1067 2308 1153 2373 Cae·
1178 2334 1186 2373 1

79 2432 135 2474 sar
151 2411 354 2478 existimavit
377 2436 485 2497 neque
501 2437 590 2480 nune
605 2422 641 2480 ut
656 2416 834 2481 memoriae
858 2419 1052 2500 predantur,
1069 2420 1152 2484 satis

79 2539 202 2583 causae
225 2528 392 2601 putamus.
440 2522 631 2604 postulabat
653 2522 788 2604 Caesar,
812 2529 848 2588 ut
865 2524 994 2608 legates
1018 2526 1080 2589 sibi
1109 2516 1150 2591 ad
1175 2548 1188 2587 2

78 2625 275 2709 Pompeium
298 2626 370 2691 siue
393 2629 540 2711 periculo
565 2631 695 2696 mittere
719 2631 844 2711 liceret,
873 2633 974 2718 idque
997 2633 1059 2717 ipsi
1083 2635 1152 2697 sore

77 2732 261 2814 reciperent
288 2740 346 2799 aut
381 2744 537 2819 acceptos
578 2760 636 2821 per
671 2761 705 2803 se
736 2742 779 2804 ad
814 2763 890 2805 eum
923 2743 1150 2823 perducerent.

79 2839 168 2920 qued
192 2842 234 2903 ad
258 2841 404 2906 indutias
428 2845 616 2926 pertineret,
640 2846 688 2911 sio
712 2847 790 2911 belli
813 2847 974 2911 rationem
1000 2869 1074 2912 esse
1098 2848 1150 2911 di·
1174 2867 1187 2906 :r

78 2942 197 3021 risam,
222 2953 258 3009 ut
280 2947 329 3012 illi
361 2949 468 3014 classe
493 2973 596 3039 naves
631 2953 823 3037 auxiliaque
849 2975 912 3017 sua
939 2943 1150 3037 impedirent,

76 3050 148 3133 ipsc
172 3058 207 3114 ut
230 3073 319 3135 aqua
342 3061 494 3139 terraque
528 3079 584 3122 eos
619 3059 820 3142 prohiberet.
866 3060 894 3124 si
919 3060 983 3124 hoo
1013 3060 1077 3124 sibi
1100 3080 1185 3124 re-r

77 3155 164 3220 mitti
188 3157 323 3237 vellent,
347 3161 552 3226 remitterent
574 3163 638 3246 ipsi
661 3165 701 3227 de
725 3165 903 3228 maritimis
926 3165 1098 3244 custodiis3
1122 3168 1150 3230 si

77 3263 158 3327 illud
182 3270 340 3345 tenerent,
365 3288 401 3331 se
432 3289 564 3352 quoque
592 3270 626 3334 id
649 3277 864 3334 retenturum.
912 3271 1016 3336 nihilo
1040 3272 1150 3337 minus

77 3375 190 3434 tamen
210 3368 267 3454 agi
291 3392 387 3454 posse
411 3374 452 3436 de
476 3374 725 3455 compositione,
749 3381 786 3440 ut
803 3377 888 3441 haec
911 3398 977 3441 nen
1001 3379 1148 3444 remitte-

74 3482 199 3551 rentur,
225 3498 334 3560 neque
351 3479 438 3542 haue
454 3500 525 3543 rem
544 3480 591 3543 illi
612 3503 682 3546 esse
698 3483 947 3566 impedimento.
989 3486 1073 3550 Libo
1092 3509 1148 3550 ne-
1170 3507 1184 3544 ⁷»

74 3603 140 3665 que
159 3583 288 3666 legatos
305 3583 460 3649 Caesaris
476 3587 624 3671 recipere
642 3610 750 3673 neque
768 3590 954 3674 periculum
979 3601 1148 3676 praestare

75 3710 199 3770 eorum,
224 3694 282 3756 sed
306 3701 410 3758 totam
433 3717 502 3759 rem
527 3699 566 3761 ad
593 3697 788 3782 Pompeium
811 3701 944 3781 reicere,
968 3724 1071 3767 unum
1093 3703 1148 3766 in-

74 3803 164 3862 stare
187 3801 228 3864 de
252 3800 388 3867 indutiis
409 3804 766 3892 vehementissimeque
793 3811 1002 3875 contendere.
1049 3826 1183 3895 quemss
