2768 4200
171 169 207 223 40
537 168 589 222 DE
610 167 735 223 BELLO
756 166 879 222 CIVILI

136 352 147 390 i
172 330 290 396 timore
314 336 346 394 et
369 328 441 393 sine
459 327 659 394 stationibus
675 326 791 411 aquari
807 333 953 409 possent.
1000 326 1035 392 id
1058 349 1141 412 opus
1160 327 1251 393 inter

172 458 208 503 se
226 434 380 499 Petreius
400 440 500 518 utque
520 433 680 498 Afranius
700 433 889 516 partiuntur
908 433 1036 518 ipsique
1052 434 1248 518 perficiendi

171 541 279 626 operis
303 563 407 606 causa
429 540 562 625 longius
585 541 853 625 progrediuntur.

137 672 145 710 1
260 649 414 714 LXXIV.
445 649 597 730 Quorum
637 648 788 713 discessu
818 649 957 714 liberam
992 647 1082 713 nacti
1122 648 1246 715 milites

171 756 410 841 colloquiorum
433 755 627 820 facultatem
646 755 748 839 vulgo
767 756 962 838 procedunt,
978 762 1011 820 et
1035 777 1133 839 quem
1150 756 1245 840 quis-

171 885 236 948 que
259 862 294 927 iu
318 862 438 928 castris
461 868 577 927 notum
596 868 654 928 aut
677 836 880 947 municipem
899 863 1058 941 habebat,
1079 828 1248 947 conquirit

135 976 270 1053 eatque
301 947 429 1033 evocat.
476 967 621 1052 primum
654 974 758 1052 agunt
787 968 914 1050 gratias
940 989 1054 1033 omnes
1078 969 1246 1049 omnibuS,

170 1077 259 1160 quod
282 1075 346 1141 sibi
368 1074 551 1158 perterritis
570 1076 675 1159 pridie
689 1075 930 1163 pepercissent:
948 1096 1062 1140 eorum
1081 1095 1117 1138 se
1139 1075 1244 1138 bene-

169 1185 243 1250 ficio
266 1185 391 1249 vivere.
438 1183 513 1247 dein
531 1184 572 1246 de
594 1178 805 1266 imperatoris
829 1183 893 1246 lide
913 1188 1086 1265 quaerunt,
1109 1189 1246 1248 rectene

170 1313 205 1356 se
228 1290 275 1355 illi
307 1290 375 1355 sint
405 1289 627 1368 commissuri,
656 1295 689 1353 et
721 1291 806 1372 quod
833 1311 899 1352 non
918 1292 961 1353 ab
985 1289 1078 1354 initio
1103 1263 1247 1355 fecerint
1302 1368 1304 1373 y

170 1418 329 1480 armaque
353 1397 442 1479 quod
464 1417 541 1460 curn
560 1395 750 1460 hominibus
768 1394 964 1461 necessariis
987 1401 1020 1459 et
1040 1367 1246 1479 consanguis

134 1525 147 1564 :3
170 1503 241 1568 neis
264 1503 474 1583 contulerint,
504 1509 695 1586 queruntur.
742 1502 795 1567 his
827 1500 1000 1586 provocati
1031 1501 1245 1567 sermonibus

169 1611 268 1675 fidem
292 1611 334 1674 ab
358 1610 557 1694 imperatore
577 1612 618 1675 de
641 1610 751 1675 Petrei
764 1616 863 1693 atque
879 1609 1011 1674 Afranii
1030 1608 1101 1673 vita
1116 1615 1245 1692 petunt,

169 1740 210 1782 ne
234 1720 322 1803 quod
344 1717 379 1782 in
403 1739 439 1782 se
454 1718 563 1783 scelus
583 1718 775 1801 concepisse
794 1739 861 1782 neu
884 1738 962 1781 suos
984 1716 1173 1801 prodidisse
1189 1716 1244 1780 vi-

170 1827 320 1891 deantur.
355 1825 477 1911 quibus
496 1826 701 1891 confirmatis
719 1827 819 1890 rebus
834 1847 870 1890 se
886 1825 1000 1890 statim
1015 1824 1114 1908 signa
1129 1830 1243 1889 trans-

169 1931 294 1996 laturos
318 1933 517 1998 confirmaut
539 1933 734 2017 legatosque
762 1934 803 1997 de
826 1954 910 2015 pace
940 1931 1125 2016 primorum
1151 1930 1244 1996 ordi-

134 2061 146 2099 4
169 2060 249 2103 num
269 2039 478 2106 centuriones
493 2043 537 2105 ad
552 2040 733 2106 Caesarem
757 2041 901 2106 mittunt.
940 2039 1072 2104 interim
1086 2038 1144 2103 alii
1162 2059 1244 2104 suos

169 2145 204 2208 in
226 2153 337 2236 castra
360 2147 524 2212 invitandi
549 2169 652 2213 causa
678 2132 859 2228 addicunt,
891 2146 946 2211 alii
971 2147 1013 2210 ab
1037 2146 1106 2211 suis
1132 2147 1243 2210 abdu-

170 2258 300 2332 cuntur,
323 2255 406 2318 adeo
430 2260 467 2318 ut
490 2275 557 2318 una
573 2264 683 2320 castra
707 2254 887 2319 iarn'facta
910 2276 951 2318 ex
973 2253 1063 2318 binis
1086 2254 1243 2317 videren-

170 2365 238 2439 tur3
257 2361 508 2446 compluresque
524 2362 647 2427 tribuni
663 2361 807 2427 rnilitum
823 2367 855 2426 et
870 2361 1079 2427 centuriones
1098 2363 1141 2426 ad
1154 2362 1243 2427 Cae-

133 2487 278 2531 esarem
301 2467 439 2532 veniunt
462 2489 564 2552 seque
595 2468 625 2531 ei
654 2469 900 2532 commendant.
947 2467 1037 2532 idem
1067 2468 1131 2534 hoc
1154 2468 1191 2534 lit
1221 2489 1243 2533 a

168 2573 373 2657 principibus
396 2573 590 2656 Hispaniae,
610 2595 691 2658 quos
709 2573 758 2637 illi
775 2580 999 2639 evocaverant
1018 2580 1050 2640 et
1073 2595 1188 2640 secum
1205 2574 1241 2640 in

155 2671 288 2748 'castris
321 2683 491 2747 habebant
520 2682 675 2747 obsidum
698 2682 791 2747 loco.
840 2682 875 2745 hi
900 2703 978 2746 suos
1002 2689 1097 2748 notos
1125 2683 1241 2766 hospi-

168 2798 285 2874 tesque
303 2790 517 2873 quaerebant,
531 2811 590 2873 per
605 2810 704 2873 quem
715 2789 856 2873 quisque
873 2810 987 2854 eorum
1003 2789 1130 2856 aditum
1148 2810 1241 2854 com-

133 2914 145 2954 e
169 2896 392 2961 mandationis
415 2896 554 2961 haberet
577 2898 621 2961 ad
639 2895 827 2960 Caesarem.
874 2895 1007 2960 Afranii
1030 2896 1131 2961 etiarn
1153 2895 1242 2960 filius

169 3003 367 3068 adulescens
388 3006 428 3069 de
452 3024 513 3067 sua
536 3025 576 3068 ac
599 3002 748 3087 parentis
781 3001 833 3066 sui
863 3002 971 3067 salute
995 3024 1072 3067 cum
1095 3002 1242 3068 Caesare

133 3127 144 3167 r
168 3130 227 3192 per
250 3109 436 3193 Sulpicium
460 3111 608 3194 legatum
637 3111 768 3195 agebat.
817 3116 912 3174 erant
935 3108 1034 3191 plena
1056 3109 1183 3174 laetitia
1207 3117 1240 3175 et

168 3214 390 3298 gratulatione
413 3215 535 3296 omnia,
559 3237 685 3296 eorum,
714 3216 770 3300 qni
804 3220 898 3280 tanta
929 3213 1078 3298 pericula
1105 3214 1242 3296 vitasse,

168 3325 348 3402 eteorum,
374 3321 431 3403 qui
458 3320 530 3385 sine
550 3321 688 3386 vulnere
711 3326 822 3386 tantas
854 3340 907 3384 res
938 3318 1122 3384 confecisse
1144 3319 1240 3386 vide-

167 3426 305 3506 bantur,
341 3447 569 3510 magnumque
605 3428 751 3492 fructum
789 3448 869 3492 suae
903 3425 1063 3511 pristinae
1096 3425 1243 3492 lenitatis

168 3533 317 3597 omnium
346 3533 471 3598 iudicio
504 3533 630 3598 Caesar
661 3535 807 3615 serebat,
845 3533 1086 3617 consiliumque
1116 3532 1187 3598 eius
1220 3555 1242 3599 a

168 3639 297 3705 eunctis
321 3640 535 3722 probabatur.

133 3767 143 3807 1
257 3737 393 3810 LXXV.
414 3745 544 3826 Quibus
560 3747 661 3811 rebus
679 3746 840 3812 nuntiatis
856 3747 1017 3811 Afranius
1030 3747 1072 3811 ab
1089 3747 1241 3812 instituto
