2768 4200
169 203 220 258 102
531 192 582 258 ria
603 203 728 261 BELLO
749 205 870 260 ClVlLI

168 369 295 449 tineret,
307 369 497 454 Pompeius
512 377 548 434 ut
567 370 839 453 quamplurimos
859 369 959 434 eolles
975 389 1077 455 quam
1090 370 1235 434 maximo

167 476 308 540 circuitu
322 483 509 560 occuparet,
524 478 705 560 crebraque
721 478 763 540 ob
787 497 861 541 eam
885 496 1022 541 eausam
1038 476 1163 559 proelia
1177 475 1236 540 fie-

133 599 146 638 ‘2
169 585 259 648 bant.
305 584 339 647 in
362 584 416 649 his
439 605 513 649 cum
530 584 618 668 legio
637 583 790 648 Caesaris
808 605 896 649 nona
911 583 1114 668 praesidium
1131 585 1236 669 quod-

169 692 245 755 dam
266 692 497 774 occupavisset
513 698 546 756 et
563 691 691 755 munire
707 691 879 776 coepisset,
902 691 982 756 huic
1005 692 1077 756 loeo
1100 691 1236 775 propin-

169 820 270 881 quum
295 804 328 862 et
342 799 543 864 contrarium
562 799 679 864 oollern
694 799 875 882 Pompeius
898 799 1074 883 occupavit
1089 805 1237 863 nostros-

133 920 146 960 3
169 928 232 991 que
256 928 354 991 opere
376 907 551 991 prohibere
575 906 698 990 eoepit3
722 913 754 970 et
777 927 938 971 eumuna
957 929 998 972 ex
1020 913 1114 991 parte
1133 926 1237 990 prope

169 1034 313 1097 aequum
342 1014 469 1078 aditum
498 1014 645 1094 haberet,
678 1013 823 1098 primum
855 1013 1036 1098 sagittariis
1060 1013 1237 1078 funditori-

167 1121 296 1204 busque
331 1120 569 1201 circumiectis,
608 1128 723 1205 postea
765 1120 850 1186 levis
889 1128 1078 1187 armaturae
1113 1143 1238 1206 magna

168 1229 378 1295 multitudine
401 1230 503 1295 missa
526 1230 763 1315 tormentisque
786 1232 923 1314 prolatis
946 1231 1148 1296 munitiones
1171 1230 1236 1295 im·

168 1336 341 1419 pediebat3
366 1357 472 1420 neque
495 1343 566 1401 erat
589 1337 686 1401 facile
709 1338 831 1403 nostris
855 1359 920 1402 uno
943 1343 1092 1421 tempore
1111 1359 1236 1422 propu-

134 1457 146 1496 4
168 1463 271 1526 gnare
289 1448 321 1507 et
336 1442 475 1512 munire,
523 1442 648 1508 Caesar
671 1465 748 1508 curn
764 1464 841 1508 snos
865 1468 905 1509 ex
920 1444 1074 1510 omnibus
1089 1444 1239 1528 partibus

167 1551 337 1616 uulnerari
353 1549 489 1631 videret,
506 1551 651 1636 recipere
667 1573 702 1617 se
718 1551 813 1616 iussit
826 1557 858 1616 et
872 1551 946 1616 loeo
960 1552 1129 1616 excedere.
1167 1557 1240 1616 erat

133 1672 228 1743 ³per
250 1658 377 1724 declive
410 1666 574 1743 receptus.
620 1659 666 1723 illi
700 1665 810 1724 autern
834 1660 899 1723 hoo
930 1657 1039 1723 acrius
1067 1658 1256 1736 instabant,

168 1789 275 1852 neque
297 1767 427 1852 regredi
448 1773 577 1832 nostros
605 1765 824 1850 patiebantur,
850 1768 937 1849 quod
961 1765 1077 1830 timore
1101 1765 1240 1830 adducti

135 1885 148 1924 ¹³
168 1876 277 1939 locum
312 1875 496 1960 relinquere
519 1873 727 1938 videbantur.
775 1873 895 1938 dicitur
924 1894 962 1936 eo
994 1879 1140 1955 tempore
1164 1872 1238 1956 glo-

169 1982 260 2047 rians
285 1984 375 2067 apud
398 2003 475 2047 suos
498 1980 676 2064 Pompeius
694 1979 816 2045 dixisse
838 2001 905 2044 non
917 2000 1072 2045 recusare
1096 2001 1143 2059 se,
1160 1979 1240 2063 quin

170 2090 293 2155 nullius
323 2113 404 2156 usus
438 2091 616 2174 imperator
650 2089 905 2168 existimaretur,
940 2088 968 2152 si
998 2088 1068 2152 sine
1091 2086 1238 2152 maximo

170 2197 365 2262 detrimento
389 2198 536 2281 legiones
559 2195 713 2262 Caesaris
736 2217 808 2261 sese
830 2196 1032 2280 recepissent
1058 2195 1146 2276 inde,
1172 2215 1241 2279 quo

171 2310 293 2368 temere
312 2311 422 2370 essent
442 2326 647 2388 progressae.

137 2434 145 2472 1
259 2412 379 2477 XLVI.
414 2412 539 2476 Caesar
572 2412 718 2497 receptui
742 2432 875 2475 suorum
912 2410 1032 2475 timens
1065 2416 1173 2476 crates
1196 2411 1240 2475 ad

169 2525 353 2584 extremum
375 2518 542 2584 tumulum
566 2528 681 2584 contra
709 2520 838 2583 hostem
861 2519 1002 2602 proferri
1025 2526 1057 2584 et
1080 2522 1240 2584 adversas

168 2627 280 2700 locari,
303 2627 390 2692 intra
413 2628 476 2691 has
500 2625 659 2691 mediocri
681 2626 855 2691 latitudine
879 2627 1005 2691 fossam
1029 2626 1126 2691 tectis
1150 2625 1240 2689 rnili-

171 2735 259 2799 tibus
278 2735 397 2800 obduci
413 2735 511 2799 iussit
533 2736 708 2820 locumque
724 2735 759 2798 in
782 2755 897 2828 omnes
920 2742 1033 2817 partes
1050 2755 1150 2820 quam
1165 2754 1240 2798 ma-

135 2843 258 2908 axime
280 2842 440 2927 impediri.
488 2844 560 2928 ipse
590 2843 718 2909 idoneis
748 2843 830 2908 locis
860 2843 1043 2908 funditores
1072 2841 1241 2921 instruxit,

171 2957 208 3015 ut
232 2951 395 3035 praesidio
419 2951 540 3016 nostris
565 2973 600 3015 se
632 2951 869 3035 recipientibus
893 2955 1012 3015 essent.
1059 2949 1113 3014 his
1140 2950 1242 3015 rebus

135 3078 148 3117 3
171 3058 329 3122 confectis
360 3057 527 3141 legionem
555 3057 669 3124 reduci
692 3058 797 3123 iussit.
844 3057 1040 3142 Pompeiani
1064 3059 1127 3122 hoc
1150 3057 1242 3122 inso-

170 3167 291 3231 lentius
311 3172 410 3251 atque
435 3167 595 3232 audacius
615 3172 744 3231 nostros
761 3187 908 3250 premere
924 3172 957 3230 et
979 3166 1104 3231 instare
1121 3186 1242 3250 coepe-

171 3280 246 3338 runt
260 3280 433 3358 cratesque
448 3295 508 3358 pro
527 3273 709 3338 munitione
728 3272 873 3338 obiectas
890 3272 1105 3356 propulerunt
1122 3277 1161 3336 ut
1175 3272 1242 3336 fos-

134 3401 147 3439 r
172 3401 227 3444 sas
250 3381 532 3445 transcenderent.
580 3381 765 3463 quodcum
789 3378 1080 3444 animadvertisset
1103 3377 1241 3458 Caesar,

171 3486 305 3566 veritus
329 3509 371 3551 ne
390 3509 455 3551 non
473 3487 611 3566 reducti,
636 3487 697 3551 sed
712 3484 830 3549 deiecti
852 3484 1044 3549 riderentur
1067 3484 1242 3570 maiusque

171 3593 404 3658 detrimentum
424 3600 608 3676 caperetur,
623 3615 643 3658 a
659 3593 768 3657 medio
784 3593 853 3658 fere
872 3593 978 3676 spatio
999 3614 1077 3657 suos
1091 3614 1151 3676 per
1168 3593 1241 3658 An-

171 3702 307 3782 tonium,
331 3700 388 3786 qui
412 3701 442 3764 ei
457 3701 580 3784 legioni
603 3707 765 3785 praeerat,
788 3701 979 3765 cohortatus
1003 3702 1084 3765 tuba
1107 3699 1242 3784 signum

134 3831 147 3868 s
172 3808 245 3872 dari
269 3814 368 3892 atque
391 3806 423 3870 in
439 3807 552 3872 hostes
568 3807 728 3892 impetum
751 3806 821 3871 fieri
844 3807 950 3877 iussit,
997 3806 1119 3872 milites
1137 3806 1241 3892 legio-
