2768 4200
173 215 209 270 42
541 213 593 268 DE
613 213 739 270 BELLO
760 212 881 269 CIVILI

173 373 316 438 militum
340 371 639 457 centurionumque
673 372 823 438 nonnulli
857 395 919 438 sua
953 375 1125 440 voluntate
1158 378 1249 460 apud

173 502 251 546 eum
284 483 524 543 remanserunt.
572 498 655 563 quos
683 479 739 544 ille
769 486 885 563 postea
919 502 1041 566 magno
1064 482 1098 546 in
1121 482 1249 547 honore

171 588 307 656 habuit:
331 587 541 652 centuriones
564 587 599 650 in
623 587 749 676 priores
767 588 910 669 ordines
927 589 1056 674 equites
1080 590 1248 656 Romanos

172 697 207 761 in
229 692 448 762 tribunicium
470 693 613 759 restituit
634 694 806 765 honorem.

140 816 146 855 ¹
260 801 448 867 LXXVIII.
484 801 753 866 Prohibebantur
788 801 967 866 Afraniani
1008 802 1247 889 pabulatione,

172 910 383 995 aquabantur
406 928 515 991 aegre.
563 907 721 972 frumenti
750 908 881 991 copiam
904 909 1080 993 legionarii
1102 911 1247 975 nonnul-

171 1018 240 1082 lam
262 1017 442 1095 habebant,
472 1016 562 1100 quod
595 1015 724 1081 dierum
748 1016 815 1081 XII
845 1019 887 1082 ab
919 1016 1065 1083 Ilerdam
1095 1019 1248 1084 frumen-

136 1132 243 1191 2‘tum
270 1123 352 1188 iussi
384 1129 479 1187 erant
507 1124 633 1202 efferre,
665 1123 803 1188 caetrati
833 1124 1077 1210 auxiliaresque
1108 1126 1247 1207 nullam,

172 1253 313 1317 quorum
328 1237 423 1297 erant
445 1236 478 1294 et
496 1230 673 1295 facultates
692 1231 735 1294 ad
750 1233 939 1314 parandum
962 1233 1102 1317 exiguae
1122 1239 1155 1298 et
1170 1256 1247 1298 cor-

172 1361 254 1423 pora
276 1339 409 1404 insueta
427 1340 470 1403 ad
486 1359 587 1403 onera
610 1339 783 1422 portanda.
830 1339 943 1424 itaque
967 1361 1110 1426 maguus
1129 1363 1245 1407 eorum
1332 1422 1335 1429 ἱ

136 1455 149 1495 3
171 1444 291 1511 cotidie
314 1465 473 1509 numerus
497 1447 541 1509 ad
564 1445 742 1512 Caesarem
766 1446 987 1530 perfugiebat.
1032 1448 1068 1512 in
1091 1447 1144 1513 his
1174 1456 1248 1514 erat

172 1553 337 1638 angustiis
359 1575 422 1618 res.
468 1556 529 1618 sed
552 1578 592 1618 ex
615 1554 796 1639 propositis
812 1555 960 1620 consiliis
984 1558 1115 1622 duobus
1138 1557 1247 1640 expli-

172 1663 269 1728 citius
292 1661 470 1727 videbatur
501 1663 645 1728 Ilerdam
668 1661 800 1743 reverti,
825 1664 915 1747 quod
938 1663 986 1728 ibi
1009 1665 1147 1748 paulum
1170 1666 1245 1730 fru-

170 1770 274 1835 menti
292 1769 508 1854 reliquerant3
521 1769 569 1834 ibi
585 1791 621 1834 se
637 1769 803 1854 reliquum
818 1769 994 1834 consilium
1018 1770 1245 1855 explicaturos

135 1900 148 1938 4
171 1878 391 1943 confidebant.
438 1877 585 1940 Tarraco
608 1877 724 1941 aberat
738 1875 892 1960 longius;
909 1897 974 1961 quo
999 1876 1107 1960 spatio
1130 1877 1246 1960 plures

170 2005 242 2048 rem
271 2005 369 2068 posse
401 2005 500 2048 casus
534 1983 683 2068 recipere
711 1982 958 2068 intellegebant.
1005 1985 1069 2049 hoc
1102 1986 1245 2069 probato

135 2114 147 2154 5
171 2090 309 2155 oonsilio
329 2113 369 2155 ex
388 2091 506 2155 castris
522 2091 787 2175 proficiscuntur.
834 2090 959 2155 Caesar
977 2091 1126 2175 equitatu
1145 2113 1244 2176 prae-

171 2198 282 2262 misso,
308 2197 365 2281 qui
388 2198 611 2263 novissimum
635 2219 757 2282 agmen
772 2203 924 2281 carperet
947 2203 1046 2281 atque
1068 2197 1246 2281 impediret

170 2304 242 2389 ipse
266 2326 343 2369 oum
366 2304 556 2389 legionibus
581 2305 809 2390 subsequitur.
856 2304 986 2368 nullum
1015 2304 1246 2371 intercedebat

171 2418 313 2496 tempus,
337 2411 418 2496 quin
442 2411 580 2476 extremi
604 2433 681 2476 oum
706 2410 874 2495 equitibus
897 2410 1147 2493 proeliarentur.

138 2543 147 2582 1
259 2516 416 2586 LXXIX.
435 2515 549 2581 Genus
565 2522 635 2581 erat
658 2516 722 2580 hoc
737 2535 882 2599 pugnae.
931 2515 1105 2597 expeditae
1124 2514 1245 2580 cohor-

170 2629 220 2688 tes
236 2622 455 2687 novissimum
469 2643 590 2706 agmen
602 2623 804 2687 claudebant
816 2622 997 2705 pluresque
1008 2620 1043 2684 in
1054 2621 1137 2686 locis
1150 2643 1244 2687 cam·

134 2758 147 2798 a
169 2729 338 2814 pestribus
364 2729 601 2795 subsistebant.
648 2729 676 2793 si
708 2750 804 2793 mons
828 2734 899 2793 erat
922 2728 1166 2808 ascendendus
1190 2729 1243 2793 fa-

169 2836 232 2901 cile
254 2835 330 2920 ipsa
352 2834 416 2899 loci
432 2840 552 2900 natura
569 2834 755 2919 periculum
778 2834 970 2918 repellebat,
988 2836 1078 2918 quod
1101 2857 1141 2900 ex
1159 2837 1243 2901 locis

170 2941 395 3026 superioribus
412 2940 470 3024 qui
485 2946 734 3006 antecesserant
752 2962 830 3006 suos
846 2942 1065 3006 ascendentes
1088 2949 1243 3028 protege-

135 3078 148 3120 3
169 3050 264 3126 bant3
281 3069 358 3112 cum
374 3047 473 3111 vallis
493 3054 550 3113 aut
569 3047 664 3113 loeus
688 3049 830 3115 declivis
854 3051 991 3114 suberat
1011 3071 1117 3134 neque
1133 3050 1166 3131 ii,
1185 3054 1244 3136 qui

170 3161 428 3234 antecesserant,
459 3155 665 3221 morantibus
690 3177 788 3240 opem
814 3157 900 3220 ferre
927 3161 1091 3238 poterant,
1116 3157 1243 3240 equites

169 3281 248 3323 vero
272 3281 312 3322 ex
334 3260 407 3323 loco
430 3259 656 3343 superiorein
679 3281 816 3324 aversos
840 3260 907 3324 tola
926 3258 1146 3334 coniciebant,
1170 3266 1243 3324 tum

135 3405 147 3444 4
170 3387 292 3451 magno
309 3372 381 3430 erat
395 3366 429 3430 in
445 3367 594 3449 periculo
608 3389 672 3432 res.
719 3366 977 3450 relinquebatur,
997 3372 1044 3447 ut,
1060 3387 1136 3431 oum
1156 3367 1267 3432 eius-‘

170 3474 261 3538 modi
283 3473 366 3537 locis
395 3477 482 3537 esset
505 3473 821 3558 appropinquatum,
843 3473 1013 3557 legionum
1037 3473 1134 3558 signa
1162 3496 1244 3539 oon-

171 3581 285 3646 sistere
299 3581 451 3644 iuberent
469 3601 657 3665 magnoque
680 3581 806 3664 impetu
826 3581 1010 3664 equitatum
1035 3581 1243 3665 repellerent,

171 3709 209 3751 eo
233 3688 386 3752 submoto
420 3693 555 3770 repente
581 3687 710 3752 incitati
741 3709 842 3752 cursu
872 3708 945 3752 sese
979 3688 1013 3751 in
1037 3687 1142 3753 valles
1167 3682 1243 3753 uni4

170 3793 259 3859 versi
282 3795 493 3860 demitterent
519 3800 617 3880 atque
642 3795 689 3860 ita
716 3794 918 3879 transgressi
945 3815 1062 3859 rursus
1094 3794 1129 3859 iu
1159 3795 1244 3861 locis
