2768 4200
462 241 581 297 cultu.
601 242 624 297 I.
645 241 729 298 CAP.
747 242 893 297 V-VIII.
1190 243 1205 295 5

228 412 301 476 VII.
320 411 450 491 Quibus
464 411 563 474 rebus
579 408 721 493 cognitis
739 408 862 474 Caesar
879 411 966 493 apud
990 408 1109 476 milites
1126 430 1205 473 eon-
1245 421 1254 460 1

138 521 293 586 tionatur.
341 518 487 584 omniurn
512 524 696 601 temporum
719 516 856 581 iniurias
880 516 1088 582 inImiccrum
1112 517 1145 581 in
1169 540 1205 582 se

140 633 389 705 commemorat3
415 648 436 691 a
459 625 580 710 quibus
603 625 783 688 deductum
802 645 842 688 ac
862 625 1081 707 depravatum
1105 625 1205 688 Pom-

141 737 252 820 peium
276 735 423 819 queritur
446 733 571 797 invidia
595 738 693 815 atque
725 731 962 796 obtrectatione
984 732 1093 795 laudis
1117 753 1205 811 suae,

141 842 235 907 cuius
254 842 326 925 ipse
349 840 466 904 honori
490 846 522 903 et.
545 839 697 922 dignitati
713 859 843 922 semper
866 839 987 903 laverit
1010 816 1204 925 adiutorque

141 951 249 1016 suerit.
289 969 413 1013 novum
427 947 461 1009 in
477 968 512 1010 re
531 944 666 1029 publica
684 945 906 1009 introductum
920 945 1105 1028 exemplum
1124 967 1205 1030 que·
1243 959 1255 996 2

141 1057 233 1134 ritur,
258 1061 293 1118 ut
316 1051 494 1117 tribunicia
511 1050 703 1116 intercessio
723 1049 824 1114 armis
843 1056 1012 1114 notaretur
1035 1056 1133 1134 atque
1148 1072 1207 1134 op-
1298 1068 1302 1076 ·

141 1163 347 1247 prirneretur,
371 1181 456 1244 quae
480 1158 703 1243 superioribus
728 1158 823 1222 annis
848 1157 979 1244 [armis]
1003 1163 1090 1222 esset
1114 1159 1208 1222 resti-

141 1277 221 1336 tuta.
269 1269 395 1358 Syllam
414 1269 539 1332 nudata
554 1266 708 1331 omnibus
727 1267 826 1331 rebus
851 1264 1026 1330 tribunicia
1046 1272 1207 1349 potestate
1243 1291 1256 1325 :i

141 1383 253 1441 tamen
272 1375 541 1442 intercessionem
557 1374 696 1439 liberam
717 1373 904 1458 reliquisse,
924 1356 1130 1458 Pompeium,
1151 1375 1207 1459 qui

141 1483 263 1550 amissa
283 1482 467 1547 restituisse
483 1480 635 1546 videatur
655 1483 751 1560 bona,
768 1481 869 1546 etiam
887 1502 973 1566 quae
992 1487 1067 1545 ante
1083 1483 1207 1547 habue-

140 1592 206 1657 rint
221 1591 394 1656 ademisse.
438 1590 733 1675 quotienscumque
748 1590 788 1654 sit
804 1591 984 1669 decretum,
998 1592 1114 1655 darent
1129 1612 1207 1673 ope-
1244 1614 1257 1649 ς,

140 1721 213 1764 rarn
233 1700 458 1784 magistratus
481 1721 523 1765 ne
543 1699 622 1784 quid
639 1699 841 1784 respublica
864 1699 1050 1764 detrimenti
1075 1709 1207 1783 caperet

140 1808 220 1893 (qua
243 1828 325 1872 voce
349 1813 381 1872 et
405 1828 470 1890 quo
489 1805 790 1871 senatusconsulto
814 1806 956 1890 populus
980 1806 1147 1870 Romanus
1165 1809 1210 1869 ad⁴

140 1933 234 1976 arma
249 1913 291 1977 sit
310 1913 461 1999 vocatus)
482 1913 607 1976 sactum
627 1913 660 1975 in
682 1911 875 1995 perniciosis
892 1912 1031 1995 legibus,
1047 1911 1079 1974 in
1097 1913 1130 1975 vi
1147 1914 1206 1976 tri-

140 2020 285 2098 bunicia,
304 2020 337 2084 in
353 2019 539 2084 secessione
555 2020 679 2103 popuII,
699 2020 831 2102 templis
850 2019 996 2103 locisque
1013 2019 1207 2084 editioribus

141 2127 327 2210 occupatis3
352 2133 450 2210 atque
473 2127 557 2190 haec
573 2126 750 2210 superioris
767 2127 884 2192 aetatis
904 2127 1057 2212 exempla
1076 2130 1206 2213 expiata

140 2233 310 2299 Saturnini
334 2242 432 2317 atque
457 2232 686 2300 Gracchorum
701 2235 835 2300 casibus
856 2237 966 2314 docet3
991 2256 1129 2319 quarum
1154 2258 1207 2299 re-

140 2362 213 2405 rum
242 2341 297 2405 illo
326 2346 472 2424 tempore
501 2341 585 2406 nihil
608 2343 750 2422 lactum,
781 2365 823 2407 ne
851 2343 1033 2427 cogitatum
1061 2344 1206 2428 quidem.

140 2449 303 2527 hortatur,
329 2449 424 2513 cuius
452 2449 660 2534 imperatoris
684 2451 786 2515 ductu
809 2450 907 2514 'VIIII
931 2450 1028 2513 annis
1050 2472 1119 2514 rem
1145 2472 1206 2534 pu-
1251 2480 1257 2513 ι

139 2555 262 2621 blicam
286 2556 478 2622 felicissime
501 2556 666 2641 gesserint
688 2556 896 2641 plurimaque
915 2556 1038 2640 proelia
1062 2560 1206 2622 secunda

139 2666 288 2746 fecerint,
316 2689 448 2732 omnem
476 2666 619 2732 Galliam
647 2666 927 2751 Germaniamque
947 2667 1150 2750 pacaverint,
1171 2673 1207 2729 ut

139 2774 211 2838 eius
240 2775 514 2840 existimationem
547 2773 811 2858 dignitatemque
846 2777 887 2839 ab
920 2775 1063 2839 inimicis
1092 2763 1205 2839 deleri-

139 2881 231 2946 dant.
278 2882 488 2946 conclamant
511 2881 652 2965 legionis
684 2882 788 2962 XIII,
813 2884 906 2969 {iprae
931 2885 1054 2962 aderat,
1085 2883 1206 2947 milites
1242 2906 1254 2945 ῑ

140 2985 244 3071 (hanc
257 2988 344 3055 enim
359 2989 451 3053 initio
471 2989 630 3053 tumultus
650 2997 871 3068 evocaverat,
896 2989 1041 3072 reliquae
1059 2991 1205 3056 nondum

140 3093 396 3181 convenerant):
415 3117 487 3159 sese
507 3103 640 3178 paratos
664 3118 738 3162 esse
756 3095 963 3181 imperatoris
986 3097 1037 3160 sui
1056 3096 1205 3161 tribuno-

138 3221 279 3285 rumque
302 3201 408 3284 plebis
427 3201 563 3266 iniurias
583 3202 769 3268 defendere.

230 3308 319 3373 VIII.
343 3307 486 3393 Cognita
510 3309 652 3374 militum
669 3311 838 3375 voluntate
861 3311 1047 3376 ArIminurn
1073 3333 1147 3375 cum
1166 3333 1204 3375 ea

138 3414 268 3499 legione
292 3417 511 3501 proficiscitur
535 3416 647 3502 ibique
671 3418 821 3483 tribunos
845 3419 961 3502 plebis,
987 3419 1042 3503 qui
1067 3420 1204 3484 adeum

136 3523 366 3609 confugerant,
385 3525 556 3604 convenit3
576 3526 721 3610 reliquas
739 3527 886 3611 legiones
903 3550 943 3590 ex
960 3527 1107 3590 hibernis
1125 3548 1204 3590 evo-

135 3637 190 3696 cat
213 3638 246 3695 et
269 3631 428 3716 subsequi
451 3631 551 3697 iubet.
599 3655 637 3698 eo
666 3634 703 3697 Il·
728 3634 852 3699 Caesar
882 3636 1079 3700 adulescens
1104 3635 1204 3713 venit,
1240 3657 1254 3694 =.›

135 3737 231 3802 cuius
254 3745 349 3822 pater
380 3739 535 3804 Caesaris
560 3747 631 3805 erat
662 3742 802 3826 legatus.
851 3743 877 3807 is
904 3743 1030 3829 reliquo
1055 3764 1204 3807 sermone

136 3846 297 3926 consecto,
330 3847 424 3911 cuius
447 3848 492 3912 rei
525 3869 627 3914 causa
662 3858 815 3924 venerat,
841 3852 973 3916 trabere
1000 3871 1042 3912 se
1071 3848 1231 3908 absm-
