2768 4200
583 219 635 273 DE
654 218 780 274 BELLO
800 217 924 274 CIVILI

187 418 198 459 1
311 380 438 447 XXXI.
456 378 556 446 Curio
574 386 753 463 utrumque
768 379 962 464 improbans
978 378 1165 459 consilium,
1182 400 1298 464 quan-

174 563 177 569 ,
221 496 292 555 tum
317 489 411 555 alteri
435 489 617 554 sententiae
635 489 765 554 deesset
783 487 897 567 animi,
913 494 1044 552 tantum
1060 486 1156 552 alteri
1172 508 1296 570 super-

221 621 294 665 esse
318 599 471 677 dicebat3
494 598 556 664 hos
580 597 792 683 turpissimae
822 599 923 682 fugae
956 597 1117 662 rationem
1147 596 1297 677 habere,

184 736 198 778 2
220 707 294 772 illos
313 686 419 770 ‘etiam
442 703 557 787 iniquo
579 704 653 768 loco
672 703 900 768 dimicandum
919 708 1046 788 putare.
1063 709 1151 786 ‘qua
1170 701 1260 766 enim
1273 703 1293 780 '',

219 810 346 896 inquit,
369 811 515 875 ‘fiducia
537 816 570 876 et
592 831 692 895 opere
710 816 743 876 61
765 817 886 876 1161016
900 810 966 875 1061
989 807 1213 876 munitissima
1236 829 1298 873 oa·-

183 949 197 992 3
220 925 290 985 stra
312 916 500 1003 expugnari
520 937 619 1000 posse
643 917 867 982 confidimus?
889 923 924 983 at
947 938 1028 982 vero
1052 916 1133 1001 quid
1156 915 1295 999 prolici-

219 1047 305 1106 11106,
321 1026 352 1092 61
369 1010 512 1108 Ι66661110
535 1045 659 1108 magno
679 1023 875 1089 detrimento
900 1025 943 1088 ab
967 1021 1214 1107 oppugnatione
1233 1043 1297 1086 ca·

219 1130 833 1215 61101011(116661111110616066111611
857 1136 890 1195 et
920 1129 1062 1194 felicitas
1088 1150 1200 1193 rerum
1229 1149 1297 1212 ge·

218 1248 346 1308 starum
362 1238 526 1304 exercitus
540 1237 807 1303 benevolentiam
829 1237 1088 1322 imperatoribus
1107 1243 1141 1302 et
1157 1257 1211 1300 res
1229 1238 1297 1300 ad·
1342 1225 1345 1229 ἢ

182 1376 196 1417 4
218 1368 336 1418 versae
360 1345 437 1410 odia
461 1344 657 1410 concilient!
682 1350 869 1410 castrorum
895 1349 1008 1409 autem
1040 1344 1179 1409 mutatio
1210 1344 1294 1427 quid

217 1454 320 1518 habet
342 1451 408 1517 nisi
431 1457 561 1536 turpem
585 1451 702 1536 fugam
726 1458 759 1518 et
782 1452 1047 1536 desperationem
1078 1452 1227 1517 omnium
1258 1458 1294 1516 et

217 1557 449 1623 alienationem
473 1556 666 1622 exercitus?
689 1578 767 1621 nam
791 1579 899 1641 neque
928 1558 1094 1641 pudentes
1124 1556 1294 1640 suspicari

217 1669 346 1748 oportet
369 1663 434 1729 sibi
456 1684 577 1748 parum
601 1663 690 1728 credi
714 1685 822 1748 neque
845 1664 1015 1748 improbos
1039 1664 1124 1729 scire
1148 1685 1222 1729 sese
1245 1663 1295 1728 ti-

217 1771 309 1852 meri,
334 1773 423 1856 quod
445 1771 511 1836 illis
534 1770 704 1835 licentiam
727 1770 825 1835 timor
848 1776 972 1855 augeat
1000 1776 1128 1851 noster,
1152 1769 1293 1836 111660-

181 1880 332 1964 56111016
359 1879 470 1944 studia
499 1877 678 1945 deminuat.
726 1878 816 1962 quod
845 1879 874 1942 si
905 1878 1007 1959 iam’,
1029 1877 1155 1961 inquit,
1180 1876 1295 1941 ‘haec

219 1986 390 2070 explorata
412 1985 616 2064 habeamuS,
641 2004 727 2068 quae
750 1986 791 2048 de
815 1985 981 2051 exercitus
1005 1985 1205 2050 alienatione
1235 1985 1289 2048 di-

219 2098 357 2163 cuntur.
381 2113 467 2178 quae
493 2091 626 2176 quidem
651 2112 714 2176 ego
742 2097 800 2156 aut
831 2091 966 2157 omnino
993 2092 1082 2157 falsa
1111 2097 1170 2156 aut
1198 2099 1295 2157 certe

217 2197 345 2262 minora
368 2198 521 2281 opinione
544 2219 617 2263 esse
648 2199 792 2278 confide,
816 2205 941 2284 quanto
968 2199 1053 2264 haee
1084 2197 1293 2263 dissimulari

179 2335 193 2376 c
215 2311 248 2370 61
271 2304 431 2369 occultari
455 2326 557 2389 quam
580 2327 723 2388 pernes
747 2306 935 2371 confirmari
958 2307 1129 2390 praestet?
1148 2326 1191 2370 an
1210 2326 1293 2386 non,

214 2412 264 2477 uti
287 2413 434 2497 corporis
458 2413 616 2493 vulnera,
638 2415 687 2479 ita
709 2416 873 2480 exereitus
896 2415 1110 2481 incommoda
1132 2423 1210 2482 sunt
1236 2423 1292 2483 te·

179 2523 341 2605 rgenda,
366 2543 408 2586 ne
440 2542 534 2604 spem
565 2522 768 2587 adversariis
801 2525 1019 2607 augeamus?
1042 2530 1076 2590 at
1107 2524 1226 2604 etiam,
1251 2534 1292 2590 ut.

214 2627 325 2690 media
347 2634 444 2693 nocte
467 2627 727 2711 proficiscamur,
744 2630 888 2696 addunt:
904 2651 969 2714 quo
989 2629 1157 2709 maiorem,
1174 2633 1287 2711 oredo,

212 2733 387 2813 licentiam
406 2735 563 2815 habeant,
584 2735 640 2820 qui
662 2758 802 2820 peccare
826 2743 997 2803 conentur.
1016 2759 1162 2822 namque
1185 2737 1292 2802 huiu-

213 2839 320 2903 smodi
344 2861 398 2905 res
422 2846 480 2905 aut
501 2843 627 2924 pudore
650 2846 708 2906 aut
730 2847 821 2906 metu
844 2848 1017 2920 tenentur3
1042 2842 1163 2926 quibus
1185 2843 1291 2907 rebus

177 2968 279 3016 snox
301 2948 446 3013 maxime
481 2948 674 3014 adversaria
709 2954 769 3014 est.
816 2969 921 3034 quare
955 2970 1062 3034 neque
1097 2948 1181 3014 tanti
1210 2971 1288 3013 sum.

212 3054 329 3135 animi,
354 3062 391 3121 ut
414 3056 486 3121 sine
511 3077 570 3139 spe
594 3062 705 3121 castra
729 3058 956 3140 oppugnanda
979 3076 1153 3136 censeam,
1177 3077 1290 3140 neque·

212 3162 295 3227 tanti
318 3163 463 3244 timoris,
487 3163 535 3227 uti
559 3184 618 3248 spe
641 3163 814 3244 deficiam,
839 3170 937 3248 atque
961 3163 1074 3228 omnia
1102 3163 1195 3247 prius
1225 3186 1284 3227 ex-

211 3269 371 3354 perienda
404 3271 547 3336 arbitror
583 3292 774 3355 magnaque
813 3292 854 3335 ex
894 3276 988 3353 parte
1025 3269 1094 3335 iam
1127 3292 1180 3335 me
1219 3292 1291 3334 una

212 3377 387 3441 vobiscum
411 3380 452 3442 dc
474 3400 510 3443 re
533 3378 694 3442 iudicium
717 3380 885 3442 1601010111
908 3378 1069 3442 confido’

178 3510 188 3550 1
303 3485 446 3555 XXXH.
471 3486 617 3551 Dimisso
641 3485 779 3550 consilio
804 3488 992 3570 contionem
1022 3488 1165 3552 advocat
1195 3487 1285 3551 mili-

211 3596 293 3656 tum.
335 3600 583 3674 commemorat,
607 3615 673 3678 quo
692 3593 736 3658 sit
759 3615 873 3659 eorum
897 3616 978 3659 usus
1000 3595 1110 3660 studio
1134 3594 1284 3660 611661-

210 3698 328 3764 finium
352 3698 487 3779 Caesar,
511 3706 549 3765 ut
572 3721 731 3785 magnam
755 3707 885 3785 partem
908 3702 1024 3767 Italiae
1047 3701 1207 3767 beneficio
1232 3709 1289 3767 at·-

172 3835 186 3876 2
210 3828 274 3892 que
290 3807 488 3872 auctoritate
504 3824 618 3872 eorum
640 3829 736 3873 suam
756 3809 881 3874 fecerit.
910 3822 990 3873 ‘vos
1009 3808 1098 3873 enim
1117 3815 1288 3874 vestrum--
