2768 4200
328 208 448 266 COMM.
468 213 490 267 I.
513 213 596 270 CAP.
616 210 966 270 LXXXV-LXXXVII
1150 214 1186 267 47

115 373 158 435 ad
182 371 378 437 obtinendos
402 374 566 439 exercitus
590 380 789 457 evocentur3
814 373 849 437 iu
873 393 908 436 se
936 392 1003 436 uuo
1026 393 1092 436 nou
1116 394 1186 437 ser·
1211 388 1237 429 10

114 478 198 554 vari,
222 481 311 564 quod
335 479 378 544 sit
401 479 555 544 omnibus
579 482 695 545 datum
715 500 847 562 semper
864 476 1132 562 imperatoribus,
1150 485 1187 543 ut

114 588 214 651 rebus
230 587 371 653 feliciter
386 586 492 672 gestis
508 594 566 653 aut
580 611 657 654 cum
673 589 798 653 honore
814 586 924 671 aliquo
938 591 996 650 aut
1014 593 1103 651 certe
1116 587 1186 652 sine

113 694 297 779 ignominia
324 697 461 760 domum
492 702 703 762 revertantur
734 694 983 778 exercitumque
1008 693 1185 760 dimittant.

114 822 200 884 quae
219 807 333 865 tamen
346 800 458 865 omnia
473 807 506 866 et
524 823 560 866 se
576 801 693 866 tulisse
708 800 871 884 patienter
884 804 916 862 ct
935 819 1008 862 esse
1023 798 1185 879 laturum3
1209 813 1234 854 11

114 927 223 988 neque
246 927 335 970 nuuc
365 906 400 970 id
423 927 534 991 agere,
566 913 602 971 ut
628 907 670 971 ab
694 905 759 970 illis
783 906 968 970 abductum
1002 905 1185 970 exercitum

113 1018 226 1077 teneat
240 1011 322 1095 ipse,
342 1013 430 1096 quod
447 1018 559 1078 tamen
578 1013 643 1078 sibi
667 1013 800 1078 difficile
824 1033 892 1076 uon
916 1010 969 1091 sit,
994 1013 1054 1076 sed
1077 1034 1119 1076 nc
1137 1012 1186 1077 illi

114 1119 270 1198 habeant,
300 1139 365 1202 quo
392 1124 509 1184 contra
539 1141 575 1184 se
605 1119 654 1185 uti
683 1119 820 1204 possint.
866 1117 1015 1202 proinde,
1039 1123 1076 1183 ut
1099 1124 1186 1184 esset
1210 1132 1235 1173 12

113 1224 250 1304 dictum,
273 1225 455 1310 provinciis
476 1228 674 1292 excederent
691 1225 940 1310 exercitumque
964 1223 1184 1304 dimitterent3

113 1331 140 1395 si
166 1332 201 1396 id
223 1332 267 1396 sit
289 1332 427 1413 sactum,
451 1355 487 1398 se
509 1334 697 1398 nociturum
722 1332 857 1398 nemini.
904 1331 992 1396 hano
1016 1354 1117 1397 unam
1134 1337 1186 1396 at-

113 1459 176 1521 quc
199 1444 383 1504 extremam
406 1462 479 1506 esse
501 1441 595 1525 pacis
618 1441 859 1506 condicionem.

200 1545 387 1618 LXXXVI.
412 1547 452 1612 Id
479 1569 559 1612 vero
584 1548 745 1613 militibus
772 1547 834 1611 suit
856 1552 1053 1630 pergratum
1077 1550 1109 1609 et
1132 1544 1218 1608 iu-1

112 1655 269 1735 cundum,
288 1660 325 1719 ut
340 1677 380 1719 ex
398 1656 473 1740 ipsa
489 1656 733 1741 significatione
756 1654 915 1740 cognosci
929 1654 1047 1738 potuit,
1065 1657 1112 1728 ut,
1128 1652 1185 1736 qui

111 1759 238 1844 aliquid
252 1760 331 1825 iusti
348 1760 550 1826 incommodi
570 1761 867 1847 exspectavissent,
892 1760 977 1823 ultro
996 1756 1183 1842 praemium

112 1867 280 1931 missionis
299 1869 432 1933 ferrent.
481 1890 560 1933 nam
584 1890 661 1934 cum
684 1869 814 1932 deloco
839 1873 871 1930 et
893 1866 936 1929 de
950 1871 1099 1948 tempore
1113 1863 1184 1928 eius
1206 1877 1220 1918 2

112 1973 160 2036 rei
184 1975 409 2038 controversia
432 1973 618 2048 inferretur,
642 1980 676 2041 et
697 1995 780 2038 voce
804 1980 836 2038 et
859 1972 1014 2037 manibus
1036 1970 1184 2036 universi

112 2101 153 2142 ex
177 2079 276 2159 vallo,
300 2080 359 2145 ubi
382 2080 606 2162 constiterant,
631 2081 819 2165 significare
844 2085 1035 2163 coeperunt,
1054 2085 1090 2143 ut
1133 2084 1184 2144 ta-

112 2185 172 2248 tim
196 2185 449 2267 dimitterentur,
473 2209 581 2273 neque
615 2188 704 2252 omni
733 2186 929 2271 interposita
957 2187 1021 2250 tide
1050 2186 1183 2250 firmum

112 2313 185 2357 esse
208 2313 317 2376 posse,
341 2293 369 2357 si
392 2293 427 2356 iu
452 2293 543 2358 aliud
565 2300 697 2377 tempus
721 2294 920 2359 differretur.
966 2293 1082 2378 paucis
1105 2316 1182 2358 cum
1205 2306 1218 2347 3

112 2406 201 2466 esset
223 2401 259 2466 iu
289 2406 464 2486 utramque
496 2408 626 2487 partem
656 2402 770 2467 verbis
794 2402 1009 2486 disputatum,
1032 2424 1086 2467 res
1115 2402 1182 2467 huc

110 2509 297 2589 deducitur,
321 2516 358 2574 ut
380 2510 414 2591 ii,
439 2511 495 2595 qui
517 2511 665 2576 habeant
687 2509 892 2574 domicilium
916 2516 974 2575 aut
997 2509 1181 2593 possessio-

110 2639 187 2681 nem
210 2617 244 2681 iu
269 2617 443 2702 Hispania,
467 2617 591 2697 statim,
614 2616 733 2701 reliqui
764 2618 807 2681 ad
830 2618 958 2682 Varum
982 2618 1105 2682 flumen
1129 2615 1181 2680 di-

111 2723 299 2802 mittantur3
323 2745 365 2788 ne
389 2722 469 2807 quid
492 2723 533 2787 iis
551 2729 721 2802 noceatur,
739 2745 802 2787 neu
822 2723 896 2807 quis
921 2723 1046 2787 invitus
1069 2744 1180 2787 sacra-

111 2836 221 2894 mento
245 2829 354 2894 dicere
375 2835 526 2914 cogatur,
550 2852 570 2895 a
593 2831 738 2898 Caesare
763 2836 910 2895 cavetur.

197 2935 403 3000 LXXXVII.
427 2936 552 3000 Caesar
574 2958 615 3000 ex
639 2959 678 3001 eo
702 2942 859 3018 tempore,
887 2935 967 2997 dum
991 2935 1034 2996 ad
1057 2935 1179 2998 flumen
1205 2946 1214 2984 1

110 3040 239 3103 Varum
254 3040 418 3121 veniatur,
439 3063 474 3105 se
492 3042 696 3107 frumentum
713 3043 868 3105 daturum
892 3040 1075 3123 pollicetur.
1118 3041 1179 3104 ad-

109 3149 157 3214 dit
175 3149 287 3229 etiam,
303 3155 350 3230 ut,
366 3171 451 3233 quae
470 3151 612 3236 quisque
632 3173 746 3215 eorum
761 3150 795 3214 iu
813 3150 899 3214 bello
919 3148 1076 3229 amiserit,
1093 3171 1179 3233 quae

108 3256 173 3320 sint
196 3277 298 3340 penes
322 3255 446 3320 milites
470 3277 560 3335 suoS,
584 3257 635 3337 iis,
660 3257 717 3342 qui
741 3257 921 3336 amiserint,
945 3257 1177 3336 restituantur3

107 3362 269 3427 militibus
292 3382 400 3446 aequa
422 3363 512 3427 saeta
528 3363 757 3429 aestimatione
775 3361 950 3448 pecuniam
973 3384 1033 3447 pro
1056 3363 1109 3428 his
1124 3385 1178 3427 re-

106 3474 170 3537 bus
193 3472 357 3543 dissolvit,
404 3493 632 3558 quascumque
649 3478 766 3557 postea
782 3471 1024 3537 controversias
1041 3471 1126 3537 inter
1141 3494 1177 3537 se
1200 3502 1213 3543 2

107 3580 228 3646 milites
251 3580 451 3658 habueruut,
476 3600 536 3643 sua
552 3585 668 3664 sponte
685 3581 728 3643 ad
747 3579 926 3644 Caesarem
949 3576 985 3641 iu
1008 3577 1060 3641 ius
1084 3578 1177 3643 adie-

105 3693 193 3757 runt.
239 3686 391 3752 Petreius
414 3691 513 3770 atque
543 3686 703 3750 Afranius
727 3708 804 3751 cum
835 3684 1037 3770 stipendium
1061 3686 1104 3749 ab
1127 3685 1176 3749 le·
1200 3719 1213 3760 3

104 3792 261 3876 giouibus
284 3815 390 3878 paene
421 3791 581 3858 seditione
614 3793 704 3858 facta
736 3792 976 3876 flagitarentur,
1009 3792 1104 3855 cuius
1128 3789 1182 3852 illi
