2768 4200
215 201 254 256 94
584 206 635 259 DE
655 205 780 260 BELLO
800 205 921 259 CIVILI

215 386 298 443 sese,
323 373 437 430 eontra
460 366 590 431 hostem
614 365 644 429 si
667 365 874 443 ducerentur,
898 362 1012 443 ituroS,
1037 370 1152 429 contra
1176 365 1285 429 civem

214 476 247 533 et
269 471 442 535 consulem
465 491 560 534 arma
582 491 648 533 nen
671 470 806 549 laturoS,
830 469 983 533 deductis
1006 470 1209 554 Pergamum
1233 478 1288 532 at·

214 599 279 661 que
303 577 337 641 in
360 576 638 660 locupletissimas
663 579 761 642 urbes
785 577 819 640 iu
837 577 979 642 hiberna
1000 576 1188 661 legionibus
1212 598 1289 641 ma-

213 686 321 750 ximas
339 684 533 767 largitiones
549 683 628 748 lecit
652 689 684 748 et
706 684 1006 749 confirmandorum
1025 684 1167 750 militum
1183 705 1285 748 causa

213 792 417 876 diripiendas
440 790 493 853 his
517 789 670 854 civitates
695 791 793 855 dedit.
842 856 845 860 .

178 922 187 962 1
302 898 446 964 XXXII.
481 896 617 961 Interim
654 896 867 962 acerbissime
901 897 1083 980 imperatae
1122 896 1289 980 pecuniae

211 1013 282 1071 tota
304 1007 476 1091 provincia
499 1007 728 1090 exigebantur.
767 1006 872 1070 multa
900 1012 1071 1089 praeterea
1099 997 1286 1089 generatim

176 1137 188 1176 a
213 1116 255 1178 ad
274 1112 450 1178 avaritiam
469 1113 760 1197 excogitabantur:
779 1113 813 1177 in
831 1114 941 1197 capita
955 1113 1088 1196 singula
1111 1134 1285 1177 serverum

212 1242 252 1285 ac
264 1221 444 1285 liberorum
460 1220 621 1284 tributum
640 1219 887 1303 imponebatur3
905 1218 1122 1299 columnaria,
1139 1219 1287 1298 ostiaria,

211 1329 424 1403 frumentum,
450 1327 582 1405 militeS,
615 1347 719 1405 arma,
747 1326 905 1410 remiges,
929 1333 1102 1404 tormenta,
1125 1333 1288 1392 vecturae

210 1435 476 1518 imperabantur3
509 1432 603 1498 cuius
635 1435 732 1498 medo
762 1433 810 1498 rei
839 1455 957 1499 nemen
983 1433 1120 1518 reperiri
1144 1440 1287 1516 peterat,

175 1561 188 1604 3
211 1543 275 1606 hoc
291 1541 372 1605 satis
388 1561 461 1606 esse
477 1542 520 1605 ad
537 1542 706 1624 cogendas
730 1542 889 1624 pecunias
913 1541 1098 1605 videbatur.
1145 1563 1211 1605 non
1228 1563 1287 1606 so-

211 1650 280 1713 lum
306 1649 453 1728 urbibus
482 1649 542 1713 sed
569 1669 675 1731 paene
697 1647 782 1712 vicis
811 1647 1022 1731 castellisque
1041 1647 1182 1732 singulis
1205 1671 1283 1712 eum

211 1755 350 1840 imperio
378 1754 665 1838 praeficiebantur.
713 1755 778 1839 'qui
809 1755 928 1819 horum
957 1756 1037 1840 quid
1069 1755 1287 1820 acerbissime

210 1860 504 1945 crudelissimeque
520 1861 654 1940 fecerat,
672 1860 701 1924 is
721 1866 754 1924 et
776 1861 828 1924 vir
851 1865 883 1924 et
906 1861 990 1924 civis
1013 1860 1157 1944 optimus
1177 1861 1284 1924 habe-

174 1966 317 2031 4batur.
365 1973 437 2030 erat
460 1965 558 2048 plena
585 1964 738 2029 lictorum
773 1971 806 2028 et
838 1963 1063 2047 apparitorum
1097 1964 1285 2048 provincia,

210 2069 342 2134 differta
357 2069 534 2153 praefectis
558 2076 658 2153 atque
677 2069 897 2135 exactoribus
944 2069 1001 2154 qui
1023 2078 1152 2153 praeter
1175 2070 1282 2155 impe-

209 2182 301 2240 ratas
325 2175 483 2259 pecunias
506 2197 566 2240 suo
586 2176 687 2240 etiam
710 2176 842 2260 privato
861 2177 1057 2260 compendio
1074 2177 1284 2242 serviebant-z

211 2282 408 2347 dictitabant
432 2283 520 2347 enim
555 2302 590 2345 se
615 2283 712 2346 deme
743 2283 918 2368 patriaque
947 2282 1102 2365 expulsos
1125 2283 1284 2347 omnibus

209 2388 407 2455 necessariis
427 2411 524 2474 egere
547 2391 658 2470 rebus,
682 2394 718 2453 ut
740 2390 881 2454 honesta
916 2388 1174 2472 praescriptione
1210 2412 1280 2454 rem

174 2525 187 2567 5
209 2497 435 2581 turpissimam
459 2502 617 2581 tegerent.
665 2498 870 2562 accedebant
887 2497 930 2560 ad
953 2497 1037 2560 haec
1060 2496 1284 2580 gravissimae

210 2625 341 2682 usurae,
366 2604 455 2687 quod
478 2603 613 2668 inbelle
629 2604 823 2686 plerumque
844 2603 994 2668 accidere
1015 2605 1188 2669 consuevit
1204 2607 1284 2669 uni-

208 2711 313 2775 versis
336 2709 508 2793 imperatis
532 2711 699 2794 pecuniis;
735 2712 856 2794 quibus
879 2711 913 2774 in
938 2711 1039 2775 rebus
1062 2712 1280 2795 prolationem

209 2816 275 2881 diei
298 2817 509 2882 donationem
529 2838 600 2881 esse
615 2817 780 2883 dicebant.
827 2819 939 2902 itaque
956 2840 1013 2883 aes
1037 2818 1184 2883 alienum
1203 2842 1283 2903 pre·

172 2953 185 2994 e
212 2924 341 2989 vinciae
365 2947 403 2988 eo
426 2925 558 2990 biennio
584 2925 843 3009 multiplicatum
866 2933 926 2991 est.
973 2948 1080 3011 neque
1102 2928 1213 2992 minus
1238 2930 1282 2992 ob

208 3053 282 3096 eam
307 3053 442 3097 causam
477 3033 608 3097 civibus
641 3033 800 3099 Romanis
828 3034 898 3099 eius
922 3035 1126 3119 provinciae,
1156 3038 1216 3101 sed
1244 3038 1281 3101 in

208 3139 356 3224 singulos
380 3146 566 3203 conventus
582 3141 799 3225 singulasque
816 3141 969 3206 civitates
994 3147 1102 3206 certae
1116 3143 1283 3226 pecuniae

207 3247 467 3331 imperabantur,
490 3254 689 3333 mutuasque
712 3248 788 3312 illas
807 3269 848 3311 ex
870 3249 1171 3313 senatusconsulto
1191 3251 1281 3334 exigi

207 3354 419 3431 dictitabant3
443 3353 642 3438 publicanis,
665 3363 702 3421 ut
719 3355 755 3419 in
779 3355 875 3442 Syria
894 3357 1051 3436 fecerant,
1074 3357 1282 3441 insequentis

207 3463 286 3527 anni
308 3462 454 3547 vectigal
476 3469 699 3547 promutuum.

171 3596 182 3639 1
295 3570 457 3635 XXXIII.
487 3570 663 3634 Praeterea
694 3568 863 3653 Ephesia
897 3571 976 3636 fano
1011 3571 1141 3637 Dianae
1175 3575 1280 3658 depo-

205 3675 286 3740 sitas
309 3676 491 3761 antiquitus
514 3675 673 3760 pecunias
696 3675 809 3759 Scipio
835 3677 906 3742 tolli
929 3678 1075 3743 iubebat.
1123 3686 1280 3764 certaque

206 3783 237 3849 ei
260 3784 307 3849 rei
330 3784 383 3849 die
408 3782 586 3848 constituta
610 3805 687 3848 eum
710 3784 745 3848 in
768 3783 883 3850 sanum
907 3792 1044 3851 ventum
1068 3793 1156 3852 esset
1182 3789 1281 3852 adhi-
