2768 4200
453 447 488 530 d.
508 446 623 528 lt'tss
647 444 871 527 calcatius

293 641 396 736 Du
435 635 692 734 BELLO
735 635 992 732 ClVlLI

427 837 739 895 COMMENTARIUS
758 837 913 893 PRIMUS.

223 1060 249 1128 l,
273 1054 409 1122 Litteris
438 1055 519 1120 aC.
543 1055 687 1122 Caesare
717 1054 909 1120 oonsulibus
936 1052 1074 1120 redditis
1103 1073 1202 1137 aegre
1239 1077 1247 1118 r

134 1168 178 1232 ab
197 1163 251 1229 his
270 1163 482 1247 impetratum
507 1168 556 1228 est
572 1182 703 1227 summa
720 1160 927 1226 tribunorum
944 1161 1051 1246 plebis
1066 1167 1202 1227 conten-

135 1273 235 1352 tione,
259 1269 353 1336 utin
376 1276 495 1334 senatu
518 1271 759 1348 recitarentur;
790 1276 827 1334 ut
850 1290 930 1334 vero
954 1291 995 1333 ex
1017 1268 1135 1333 litteris
1159 1269 1202 1332 ad

135 1385 288 1445 senatum
313 1378 499 1458 referretur,
523 1377 694 1462 impetrari
710 1397 777 1440 non
794 1375 911 1459 potuit.
957 1376 1104 1440 referunt
1122 1395 1202 1439 oon·
1239 1391 1252 1433 2

136 1487 223 1550 sulas
240 1487 280 1549 de
300 1483 488 1568 republica
507 1483 553 1572 [in
577 1483 735 1571 civitate].
780 1484 818 1548 L.
838 1483 1000 1549 Lentulus
1015 1482 1133 1548 consul
1151 1505 1204 1548 se-

136 1593 228 1658 natui
256 1591 373 1677 reique
402 1591 556 1676 publicae
586 1614 620 1657 se
650 1614 716 1656 non
742 1591 932 1657 defuturum
956 1590 1143 1675 pollicetur,
1176 1591 1204 1655 si

136 1705 297 1768 audacter
321 1722 360 1765 ac
383 1699 510 1766 sortiter
533 1701 715 1766 sententias
731 1700 839 1765 dicere
855 1699 981 1778 velint3
1005 1699 1056 1764 sin
1079 1699 1204 1764 Caesa·
1240 1717 1254 1758 a

136 1833 207 1876 rem
231 1808 411 1893 respiciant
440 1814 539 1892 atque
563 1808 635 1874 eius
666 1808 809 1893 gratiam
833 1813 1022 1892 sequantur,
1046 1813 1082 1872 ut
1105 1829 1205 1891 supe-

137 1919 280 1984 rioribus
304 1917 443 1982 fecerint
466 1916 680 2000 temporibus,
697 1937 732 1980 se
751 1915 814 1979 sibi
833 1914 1009 1979 eonsilium
1031 1920 1205 1999 capturum

138 2047 245 2108 neque
276 2029 413 2088 senatus
441 2023 633 2087 auctoritati
664 2024 985 2106 obtemperaturum:
1015 2022 1138 2087 habere
1170 2043 1205 2088 se

138 2133 337 2223 quoque'ad
359 2131 513 2197 Caesaris
530 2131 673 2216 gratiam
696 2137 796 2216 atque
820 2131 999 2198 amicitiam
1023 2137 1204 2216 receptum.

139 2239 173 2302 in
196 2237 336 2302 eandem
361 2234 556 2299 seutentiam
578 2234 724 2319 loquitur
747 2234 875 2320 Scipio:
898 2235 1056 2320 Pompeio
1075 2258 1148 2302 esse
1171 2237 1206 2302 in
1241 2253 1254 2296 4

139 2345 251 2410 animo
279 2343 327 2409 rei
351 2341 503 2426 publicae
526 2363 593 2407 non
617 2344 743 2422 deesse,
768 2343 796 2407 si
819 2349 955 2408 senatus
979 2351 1153 2430 sequatur3
1177 2345 1207 2410 si

139 2458 316 2518 cunctetur
339 2455 439 2534 atque
464 2456 542 2534 agat
564 2450 679 2530 lenius,
705 2450 907 2536 nequiquam
932 2452 1003 2531 eius
1036 2453 1206 2534 auxilium,

139 2560 168 2623 si
192 2564 306 2642 postea
329 2556 420 2636 velit,
445 2563 597 2622 senatum
620 2557 882 2641 imploraturum.

229 2667 272 2730 ΙΙ.
296 2667 389 2730 Haec
412 2665 574 2750 Scipionis
593 2664 707 2746 oratio,
724 2667 813 2749 quod
836 2672 971 2730 senatus
989 2666 1024 2731 in
1043 2669 1124 2733 urbe
1144 2668 1206 2731 ha·
1245 2691 1252 2730 r

140 2774 280 2838 bebatur
299 2772 545 2858 Pompeiusque
569 2774 693 2854 aberat,
711 2774 872 2859 exipsius
896 2796 951 2839 ore
967 2775 1106 2860 Pompei
1122 2775 1207 2841 mitti

141 2878 328 2943 videbatur.
365 2880 494 2945 dixerat
511 2880 631 2964 aliquis
648 2880 805 2947 leniorem
823 2881 1033 2963 sententiam,
1049 2889 1085 2949 ut
1099 2883 1206 2967 primo
1243 2906 1256 2948 ·.›

142 2984 188 3048 M.
213 2983 401 3065 Marcellus,
419 2987 589 3069 ingressus
611 2987 733 3052 ineam
758 2989 952 3070 orationem,
976 3011 1042 3054 non
1059 2996 1207 3074 oportere

142 3096 220 3155 ante
251 3091 293 3154 de
325 3111 364 3155 ea
385 3113 420 3154 re
449 3092 491 3154 ad
515 3099 665 3157 senatum
689 3095 812 3175 referri,
840 3117 940 3181 quam
972 3097 1111 3164 dilectus
1140 3105 1208 3166 tota

142 3198 240 3264 ltalia
258 3197 363 3262 habiti
382 3205 414 3262 et
433 3197 595 3263 exereitus
619 3201 799 3286 conscripti
822 3210 940 3286 essent,
960 3227 1025 3290 quo
1041 3206 1207 3292 praesidio

141 3315 213 3375 tuto
232 3313 265 3372 et
279 3306 381 3372 libere
400 3312 545 3388 senatus,
564 3329 649 3393 quae
667 3309 776 3390 vellet,
800 3312 978 3378 decernere
1001 3316 1153 3394 auderet3
1171 3321 1208 3381 ut
1244 3333 1258 3377 a

142 3416 187 3481 M.
212 3413 372 3495 Calidius,
397 3416 453 3500 qui
469 3418 634 3493 censebat,
658 3423 695 3483 ut
717 3418 898 3503 Pompeius
921 3421 955 3485 in
978 3443 1056 3486 suas
1072 3421 1208 3506 provin-

142 3524 212 3588 cias
230 3523 503 3607 proficisceretur,
523 3546 564 3588 ne
583 3546 649 3609 qua
668 3532 756 3592 esset
772 3548 941 3592 armorum
958 3550 1076 3594 causa:
1093 3530 1208 3596 timere

142 3631 320 3696 Caesarem
345 3631 467 3716 ereptis
491 3633 533 3696 ab
565 3654 603 3697 eo
627 3634 759 3699 duabus
781 3633 977 3719 legionibus,
1001 3658 1042 3700 ne
1069 3639 1112 3702 ad
1136 3638 1208 3704 eius

142 3737 325 3822 perieulum
345 3761 514 3807 reservare
534 3747 565 3804 et
583 3739 722 3807 retinere
742 3762 801 3807 eas
820 3742 869 3806 ad
891 3743 1020 3806 urbem
1033 3741 1242 3816 Pompeius

196 3877 257 3920 Caes.
273 3893 345 3922 comm.
362 3883 388 3925 de
404 3882 457 3928 bell.
474 3885 519 3930 civ.
1200 3865 1216 3900 x
