2768 4200
173 221 209 275 52
537 222 589 275 DE
612 221 735 277 BELLO
757 222 879 276 CIVILI

173 383 282 469 gratia
306 407 382 449 cum
403 385 471 450 iarn
495 385 776 469 appropinquaret
799 385 883 465 urbi,
907 385 1014 450 omnis
1038 405 1111 450 sese
1134 384 1247 448 multi-

172 495 252 558 tudo
265 494 309 558 ad
318 496 587 577 cognoscendum
607 494 733 574 effudit,
748 498 781 557 et
798 514 833 558 re
853 493 987 577 cognita
1005 499 1119 558 tantus
1133 492 1245 557 luctus

173 598 312 682 excepit,
336 605 373 664 ut
389 600 468 664 urbs
483 600 526 663 ab
545 598 698 663 hostibus
721 605 820 683 capta
842 601 959 663 eodem
982 597 1124 682 vestigio
1147 597 1245 661 vide-

137 714 271 773 iretur.
318 709 545 774 Massilienses
570 714 682 774 tamen
699 707 802 772 nihilo
823 706 926 772 setius
949 708 992 772 ad
1015 706 1246 772 defensionem

171 815 263 879 urbis
286 816 413 901 reliqna
432 837 593 901 apparare
616 820 807 900 coeperunt.

137 935 148 976 1
261 923 351 987 VIII.
376 925 435 989 Est
457 924 727 988 animadversum
742 924 784 986 ab
802 921 1005 1007 legionariis,
1020 922 1077 1005 qui
1093 922 1246 986 dextram

171 1033 300 1112 partem
324 1030 432 1113 operis
451 1029 742 1109 administrabant,
767 1052 808 1093 ex
824 1029 950 1094 crebris
969 1027 1117 1093 hostium
1140 1049 1245 1110 erup-

170 1136 316 1202 tionibus
341 1159 463 1221 magno
481 1137 545 1201 sibi
569 1159 642 1203 esse
659 1137 824 1222 praesidio
843 1159 952 1221 posse,
976 1136 1005 1201 si
1023 1158 1083 1221 pro
1107 1136 1245 1200 castello

172 1265 212 1308 ac
224 1246 433 1328 receptaculo
446 1245 561 1310 turrim
574 1245 730 1311 exlatere
743 1248 805 1311 sub
821 1267 917 1310 muro
933 1245 1101 1311 fecissent.
1140 1265 1244 1328 quam

172 1353 279 1436 primo
295 1353 339 1416 ad
357 1353 547 1436 repentinos
569 1352 726 1417 incursus
749 1353 910 1417 humilem
929 1373 1137 1436 parvamque
1153 1353 1246 1416 feee-

135 1469 148 1510 ‘2
172 1463 259 1522 runt.
305 1459 373 1523 huo
396 1480 432 1524 se
455 1459 662 1540 reserebant3
686 1458 775 1537 hinc,
799 1458 828 1523 si
852 1479 919 1542 qua
941 1457 1047 1522 maior
1066 1477 1244 1540 oppresse-

172 1571 223 1630 rat
245 1564 308 1639 vis,
335 1568 610 1650 propugnabant3
644 1567 723 1632 hine
754 1567 797 1630 ad
820 1566 1048 1649 repellendum
1072 1569 1104 1628 ct
1126 1584 1244 1647 prose-

172 1675 342 1758 quendum
364 1675 494 1740 hostem
523 1676 774 1759 procurrebant.
820 1675 957 1757 patebat
988 1673 1072 1736 haec
1096 1692 1246 1755 quoque-

171 1801 289 1845 versus
312 1783 414 1865 pedes
443 1783 553 1856 XXX,
585 1783 644 1846 sed
668 1781 832 1865 parietum
865 1778 1050 1844 crassitudo
1074 1779 1177 1861 pedes
1201 1779 1245 1842 V.

134 1906 147 1949 a
171 1894 286 1972 postea
308 1911 398 1970 vero,
429 1897 466 1955 ut
489 1897 539 1955 est
567 1913 680 1957 rerum
704 1890 853 1957 omnium
885 1888 1046 1972 magister
1069 1907 1150 1951 usus
1178 1887 1245 1951 ho-

171 1995 298 2060 minum
317 1997 468 2063 adhibita
491 1998 645 2078 sollertia,
663 1997 835 2063 inventum
854 2003 905 2062 est
922 2016 1045 2079 magno
1069 2014 1142 2058 esse
1165 1995 1246 2058 usui

169 2123 278 2185 posse,
297 2102 326 2167 si
349 2103 433 2169 haec
456 2110 544 2170 essct
566 2105 601 2169 in
624 2104 833 2170 altitudinem
852 2103 952 2169 turris
975 2102 1071 2167 elata.
1119 2100 1154 2165 id
1175 2101 1245 2166 hac

168 2207 294 2273 ratione
318 2211 501 2292 perlectum
525 2217 584 2276 est.

136 2335 146 2376 1
261 2315 320 2382 IX.
350 2315 412 2380 Ubi
434 2317 534 2382 turris
557 2317 696 2382 altitudo
719 2319 880 2401 perducta
904 2318 1020 2382 estad
1044 2314 1245 2379 contabula-

169 2420 302 2500 tionem,
327 2423 459 2487 camin
491 2424 635 2507 parietes
665 2426 893 2490 instruxerunt
915 2425 971 2503 ita,
1002 2429 1039 2488 ut
1062 2422 1174 2505 capita
1198 2421 1245 2486 ti-

170 2549 312 2614 gnorum
337 2535 484 2593 extrema
506 2530 669 2613 parietum
688 2537 856 2596 structura
874 2537 1074 2614 tegerentur,
1093 2551 1134 2593 ne
1158 2527 1244 2612 quid

132 2654 146 2696 2
169 2636 337 2717 emineret,
361 2637 419 2701 ubi
440 2637 530 2720 ignis
552 2638 697 2704 hostium
722 2639 985 2703 adhaerescerct.
1029 2637 1118 2700 hane
1141 2655 1245 2718 super

171 2743 473 2828 contignationem,
504 2751 665 2828 quantum
701 2753 825 2811 tectum
856 2746 961 2830 plutei
992 2766 1033 2809 ac
1066 2744 1244 2811 vinearum

169 2873 308 2936 passum
336 2858 396 2932 est,
426 2852 597 2917 latericulo
637 2860 852 2920 astruxerunt
879 2875 1047 2938 supraque
1077 2875 1154 2919 eum
1189 2853 1243 2917 lo-

170 2980 247 3023 cum
270 2959 303 3022 II
325 2958 420 3042 tigna
443 2965 635 3024 transversa
651 2960 834 3026 iniecerunt
851 2984 918 3026 non
940 2961 1040 3046 longe
1064 2962 1107 3025 ab
1131 2966 1244 3026 extre-

170 3067 233 3130 mis
249 3066 440 3150 parietibuS,
457 3066 578 3150 quibus
597 3070 837 3152 suspenderent
855 3090 929 3133 eam
945 3067 1242 3152 contignationem,

170 3194 255 3256 quae
290 3173 375 3238 turri
402 3173 583 3258 tegimento
619 3181 706 3241 esset
739 3177 862 3256 sutura,
887 3198 1054 3262 supraque
1082 3197 1121 3240 ea
1145 3175 1243 3256 tigna

170 3280 301 3345 derecto
324 3285 533 3346 transversas
557 3285 667 3346 trabes
688 3280 874 3347 iniecerunt
898 3304 1020 3368 easque
1043 3283 1162 3349 axibus
1184 3306 1243 3350 re-

133 3385 361 3468 aligaverunt
385 3386 460 3470 (has
492 3388 603 3451 trabes
634 3388 734 3470 paulo
763 3388 931 3473 longiores
964 3396 1063 3475 atque
1087 3389 1243 3455 eminen-

169 3493 278 3573 tiores,
302 3514 404 3577 quam
423 3493 560 3560 extremi
579 3494 723 3577 parietes
742 3501 847 3576 erant,
867 3497 1057 3576 effecerunt,
1081 3502 1118 3561 ut
1140 3505 1241 3580 esset,

169 3600 230 3665 ubi
251 3601 432 3693 tegimenta
454 3603 681 3685 praependere
697 3610 832 3686 possent
848 3605 892 3668 ad
908 3603 1134 3669 defendendos
1150 3604 1242 3672 ictus

169 3729 210 3772 ao
233 3709 450 3792 repellendos,
474 3730 551 3773 cum
576 3708 663 3773 intra
687 3730 761 3774 eam
786 3709 1070 3794 contignationem
1093 3710 1243 3794 parietes

169 3817 428 3903 exstruerentur)
453 3837 594 3900 eamque
617 3816 917 3882 contabulationem
935 3837 1102 3881 summam
1124 3817 1243 3885 lateri-
