2768 4200
222 219 257 275 68
586 216 639 270 Du
659 214 784 271 BELLO
804 212 925 269 CIVILI

222 405 306 463 sum,
332 385 517 467 quaesunt
542 379 655 444 adhuc
686 383 718 442 et
749 399 824 442 mea
850 378 1022 446 voluntate
1045 387 1078 447 et
1100 390 1213 450 vestra
1236 407 1295 450 ex-

222 490 426 574 spectatione
444 489 591 567 leviora3
608 488 667 553 sed
686 491 800 551 tamen
818 486 871 551 sui
881 487 1005 553 laboris
1022 490 1144 556 milites
1162 513 1297 577 semper

221 600 345 660 eventu
367 593 448 659 belli
470 592 620 677 praemia
642 591 839 677 petiverunt,
863 591 922 678 qui
945 594 1054 678 qualis
1081 596 1124 662 sit
1153 598 1296 679 futurus

173 719 197 761 n
221 724 262 766 ne
293 723 354 766 vos
385 700 520 785 quidem
545 698 723 764 dubitatis:
748 699 957 784 diligentiam
981 701 1116 786 quidem
1145 709 1297 770 nostram

221 815 289 890 aut,
313 831 413 894 quem
436 808 480 872 ad
503 807 603 872 finem
633 807 745 872 adhuc
768 827 823 871 res
846 809 1018 891 processit,
1042 810 1211 877 fortunam
1235 834 1297 877 cur

173 933 199 975 12
221 918 452 1002 praeteream?
475 935 520 978 an
542 913 689 998 paenitet
714 935 785 994 vos,
809 916 900 1000 quod
922 916 1054 982 salvum
1079 923 1179 1002 atque
1200 919 1296 984 inco-

220 1024 345 1087 lumem
369 1020 551 1087 exeroitum
575 1019 667 1084 nulla
690 1019 823 1085 omnino
847 1041 935 1086 nave
966 1023 1155 1089 desiderata
1182 1030 1296 1090 trans-

221 1129 400 1195 duxerim?
415 1129 505 1213 quod
520 1127 663 1192 classem
678 1126 825 1190 hostium
843 1128 951 1212 primo
968 1127 1095 1214 impetu
1111 1131 1296 1196 adveniens

221 1234 493 1320 profligaverim?
528 1234 618 1317 quod
632 1231 685 1297 bis
701 1253 760 1316 per
773 1233 914 1298 biduum
933 1235 1078 1320 equestri
1097 1237 1220 1320 proelio
1236 1259 1297 1302 su-

221 1341 435 1428 peraverim?
482 1340 571 1423 quod
594 1362 635 1404 ex
658 1345 757 1424 portu
780 1341 923 1425 sinuque
947 1344 1215 1409 adversariorum
1239 1345 1298 1411 CO

222 1469 326 1513 naves
358 1452 511 1512 oneratas
542 1447 738 1511 abduxerim
763 1469 867 1533 eoque
897 1449 972 1514 illos
1001 1452 1231 1535 compulerim,
1258 1461 1297 1518 ut

221 1575 327 1638 neque
350 1553 496 1638 pedestri
519 1553 636 1618 itinere
659 1577 768 1640 neque
796 1556 941 1621 navibus
973 1565 1161 1624 commeatu
1185 1560 1298 1625 iuvari

172 1693 198 1736 13
221 1665 375 1752 possint?
406 1704 451 1713 —
480 1664 546 1729 hac
569 1686 630 1729 vos
663 1665 798 1731 fortuna
821 1672 921 1750 atque
951 1667 1004 1732 his
1029 1668 1171 1734 ducibus
1194 1691 1297 1753 repu-

222 1776 320 1841 diatis
344 1772 584 1839 Corfiniensem
612 1772 843 1857 ignominiam,
870 1776 988 1840 Italiae
1011 1777 1139 1860 fugam,
1171 1777 1297 1861 Hispa-

221 1883 354 1948 niarum
378 1880 591 1959 deditionem,
621 1880 728 1946 Africi
755 1882 834 1946 belli
862 1883 1069 1967 praeiudicia
1092 1883 1298 1969 sequimini?

172 1989 376 2074 nequidem
399 2009 452 2052 me
475 1986 632 2052 Caesaris
655 1986 793 2052 militem
817 1988 884 2054 diei
906 1988 1006 2070 volui,
1025 2011 1087 2054 vos
1110 2012 1164 2055 me
1187 1991 1297 2076 impe-

220 2095 339 2160 ratoris
363 2093 498 2158 nomine
521 2092 768 2178 appellavistis:
795 2095 891 2160 cuius
915 2096 944 2160 si
967 2117 1029 2160 vos
1051 2096 1210 2179 paenitet,
1233 2120 1298 2162 ve-

221 2210 327 2270 strum
350 2202 447 2266 vobis
476 2200 674 2265 beneficium
706 2201 847 2283 remitto,
876 2203 958 2268 mihi
989 2226 1100 2269 meum
1132 2204 1298 2271 restituite

221 2332 351 2387 nomen,
375 2330 417 2373 ne
440 2309 484 2372 ad
503 2307 738 2373 contumeliam
761 2308 921 2373 honorem
945 2310 1078 2375 dedisse
1101 2310 1295 2377 videamini.

186 2436 197 2477 1
309 2415 471 2483 XXXIII.
492 2414 568 2496 Qua
590 2414 737 2479 oratione
753 2416 894 2498 permoti
910 2415 1031 2481 milites
1055 2418 1170 2481 crebro
1194 2416 1297 2483 etiam

221 2526 386 2591 dicentem
413 2520 679 2604 interpellabant,
703 2525 740 2585 ut
762 2541 886 2605 magno
910 2521 1122 2586 cumdolore
1152 2521 1297 2588 infideli-

184 2649 198 2691 2
222 2631 300 2698 tatis
323 2628 546 2714 suspicionem
570 2625 733 2690 sustinere
749 2626 955 2706 viderentur3
973 2628 1198 2694 discedentem
1215 2652 1297 2696 vero

222 2763 262 2806 ex
286 2738 437 2804 contione
460 2733 611 2799 universi
635 2732 858 2814 cohortantur,
873 2755 997 2819 magno
1021 2735 1064 2800 sit
1087 2735 1209 2817 anime,
1229 2759 1298 2804 nou

221 2846 349 2911 dubitet
371 2843 536 2929 proelium
554 2839 762 2906 committere
778 2846 811 2905 et
834 2862 930 2906 suam
946 2843 1046 2908 fidem
1069 2843 1296 2928 virtutemque

184 2979 198 3021 a
221 2953 373 3039 experiri.
421 2973 485 3037 quo
509 2951 598 3016 facto
622 2954 828 3015 commutata
844 2949 993 3014 omnium
1017 2956 1050 3016 et
1073 2950 1245 3017 voluntate
1263 2959 1297 3019 et

221 3059 376 3144 opinione
400 3077 567 3122 consensu
589 3078 721 3122 summo
741 3056 912 3123 constituit
928 3057 1039 3139 Curio,
1055 3079 1133 3123 cum
1150 3058 1298 3143 primum

184 3192 198 3234 4
221 3169 265 3234 sit
288 3169 367 3232 data
396 3170 560 3249 potestas,
590 3164 714 3249 proelio
748 3186 818 3230 rem
847 3167 1068 3245 committere3
1097 3173 1297 3252 posteroque

221 3276 275 3340 die
298 3275 479 3358 productos
502 3273 619 3337 eodem
641 3272 724 3352 loco,
749 3293 813 3356 quo
830 3273 1057 3356 superioribus
1081 3275 1198 3340 diebus
1218 3296 1297 3340 oon-

185 3404 198 3446 5
221 3382 359 3462 stiterat,
382 3379 416 3444 in
440 3379 511 3444 acie
535 3379 686 3444 collocat.
733 3401 776 3445 no
800 3379 910 3445 Varus
935 3380 1069 3464 quidem
1092 3382 1203 3448 Attius
1232 3384 1295 3446 du-

220 3488 306 3554 bitat
336 3486 450 3572 copias
485 3487 683 3570 producere,
724 3485 795 3550 sive
830 3485 1029 3552 sollicitandi
1065 3488 1187 3553 milites
1223 3489 1296 3554 sive

221 3617 327 3680 aequo
349 3596 423 3659 loco
446 3591 628 3658 dimicandi
645 3593 741 3657 detur
760 3592 901 3673 occasio,
920 3614 963 3657 ne
978 3594 1173 3660 facultatem
1197 3615 1297 3678 prae-

221 3699 396 3768 termittatss

186 3829 197 3871 1
312 3807 471 3874 XXXIV.
496 3807 575 3870 Erat
593 3804 691 3870 vallis
710 3803 797 3869 inter
820 3805 905 3869 duas
930 3804 1029 3885 aciae,
1053 3813 1089 3873 ut
1111 3827 1213 3891 supra
1235 3808 1295 3873 de-

1087 4014 1108 4050 ἱ
