2768 4200
346 185 467 243 COMM.
486 188 525 242 ΙΙ.
548 187 632 245 CAP.
651 186 972 242 XXXV-XXXVIII.
1161 187 1195 242 71

118 348 329 435 aliquamdiu
352 347 435 414 fides
458 349 531 414 fieri
546 370 611 413 non
630 354 775 432 poterat:
792 353 921 414 tantam
944 349 1093 416 habebat
1115 370 1198 415 sua-

119 479 198 522 rum
216 478 327 524 rerum
348 457 516 522 fiduciam.
561 454 696 539 iamque
720 454 876 520 Caesaris
898 453 933 519 in
957 454 1122 539 Hispania
1143 478 1197 523 res
1220 472 1233 514 2

119 566 291 630 secundae
314 563 350 628 in
384 563 535 629 Africam
569 561 695 627 nuntiis
718 583 759 627 ao
781 561 901 627 litteris
930 563 1195 646 perforabantur.

119 672 246 757 quibus
269 671 424 736 omnibus
453 672 554 735 rebus
579 669 733 734 sublatus
762 667 845 732 nihil
870 675 986 734 contra
1020 691 1056 736 se
1079 692 1194 756 regem

118 799 282 843 ausurum
305 777 527 842 existimabat.
576 777 635 841 sed
659 775 715 839 ubi
730 775 830 841 certis
850 776 1041 842 auctoribus
1061 799 1196 862 compe·
1219 792 1234 834 3

119 886 164 951 rit
187 885 299 949 minus
320 884 350 948 V
374 890 407 949 et
428 883 496 948 XX
517 882 653 948 milibus
670 883 772 967 longe
796 885 838 947 ab
862 884 962 950 Utica
985 885 1057 949 eius
1080 886 1195 971 copias

121 993 252 1071 abesse,
270 989 393 1056 relictis
416 989 660 1055 munitionibus
678 1011 752 1055 sese
774 991 810 1054 in
825 990 947 1056 Castra
962 990 1117 1059 Cornelia
1140 1015 1197 1059 re·

117 1101 219 1184 cepit.
265 1100 333 1165 huo
356 1100 562 1191 frumentum
584 1105 803 1182 comportare,
823 1105 935 1164 castra
959 1099 1098 1181 munire,
1122 1113 1231 1167 mer-4

117 1207 237 1273 teriam
261 1208 411 1272 conferre
442 1206 551 1291 coepit
574 1206 754 1291 statimque
784 1207 820 1271 in
850 1206 1000 1272 Siciliam
1023 1207 1124 1290 misit,
1147 1209 1196 1274 uti

116 1316 207 1380 duae
241 1314 390 1400 legiones
425 1313 639 1399 reliquusque
662 1313 830 1398 equitatus
860 1316 905 1379 ad
934 1335 969 1379 se
998 1315 1193 1382 mitteretur.

117 1427 232 1486 castra
255 1426 350 1486 erant
366 1422 410 1485 ad
432 1421 557 1486 bellum
576 1422 766 1487 ducendum
784 1421 958 1507 aptissima
984 1428 1106 1487 natura
1128 1422 1195 1488 loci
1217 1433 1230 1474 5

117 1534 154 1593 et
176 1527 360 1593 munitione
387 1534 420 1594 et
452 1528 555 1593 maris
577 1527 825 1613 propinquitate
855 1534 888 1594 et
921 1549 1029 1612 aquae
1059 1535 1092 1595 et
1115 1530 1194 1595 salis

115 1637 226 1720 copia,
249 1636 346 1702 cuius
370 1657 494 1720 magna
517 1635 570 1700 vis
592 1635 660 1699 iam
684 1657 724 1700 ex
746 1634 906 1718 proximis
930 1640 1001 1700 erat
1023 1637 1140 1702 saliuis
1155 1659 1193 1702 eo

115 1747 290 1826 congesta.
335 1762 403 1806 non
431 1741 572 1805 materia
603 1739 816 1806 multitudine
839 1741 1007 1815 arborum,
1031 1762 1098 1805 non
1121 1743 1229 1807 sru-6

117 1857 279 1929 mentum,
313 1848 408 1913 cuius
432 1854 527 1913 erant
549 1846 736 1930 plenissimi
767 1847 852 1931 agri,
877 1845 1019 1912 deficere
1052 1853 1192 1931 poterat.

117 1959 231 2039 itaque
254 1955 404 2020 omnium
427 1975 563 2018 suorum
588 1975 756 2019 consensu
780 1952 882 2018 Curio
905 1952 1052 2037 reliquas
1079 1956 1192 2039 copias

113 2066 310 2145 exspectare
333 2066 366 2125 et
380 2060 505 2125 bellum
529 2061 650 2124 ducere
673 2061 823 2144 parabat.

206 2166 400 2231 XXXVIII.
414 2165 475 2230 His
487 2164 675 2230 constitutis
695 2167 795 2230 rebus
811 2165 1026 2253 probatisque
1046 2167 1192 2233 consiliis
1215 2197 1225 2237 1

114 2296 159 2338 ex
181 2272 332 2358 perfugis
356 2271 558 2356 quibusdam
587 2271 765 2354 oppidanis
793 2271 888 2336 audit
909 2272 1026 2338 Iubam
1050 2295 1191 2342 revoca-

115 2389 190 2446 tum
209 2380 350 2446 finitimo
374 2378 462 2444 bello
493 2383 526 2443 et
554 2378 791 2443 controversiis
814 2379 1066 2463 Leptitanorum
1092 2381 1191 2447 resti-

112 2488 197 2553 tisse
221 2487 253 2551 in
283 2506 396 2570 regno,
420 2485 603 2550 Saburram
627 2483 700 2550 eius
723 2484 931 2568 praesectum
960 2507 1037 2551 oum
1061 2488 1190 2552 medio·

111 2595 230 2660 oribus
253 2593 359 2679 copiis
382 2592 523 2656 missum
541 2591 661 2658 Uticae
684 2592 961 2676 appropinquare.
1002 2594 1056 2660 his
1072 2601 1189 2660 aueto-
1211 2625 1224 2665 2

113 2701 206 2766 ribus
221 2707 344 2767 temere
360 2701 499 2765 eredens
514 2697 690 2764 consilium
714 2704 897 2764 commutat
920 2705 952 2765 et
969 2699 1095 2783 proelio
1118 2722 1188 2766 reni

111 2808 322 2873 committere
338 2806 517 2876 constituit.
564 2807 708 2871 multum
726 2807 770 2870 ad
784 2807 875 2871 hano
892 2829 963 2873 rem
980 2809 1188 2891 probandam

111 2912 255 2978 adiuvat
278 2914 515 2992 adulescentia,
538 2915 736 2999 magnitudo
760 2913 877 2993 animi,
901 2913 1080 2997 superioris
1103 2921 1187 2980 tem-

115 3019 205 3103 poris
228 3027 420 3104 proventus,
446 3021 571 3086 fiducia
597 3023 645 3087 rei
667 3023 753 3086 bene
786 3023 963 3106 gerendae.
1008 3020 1063 3086 his
1085 3024 1223 3091 rebusa

115 3126 281 3210 impulsus
305 3128 491 3211 equitatum
515 3149 648 3192 omnem
672 3127 781 3211 prima
803 3133 901 3193 nocte
924 3129 968 3192 ad
991 3135 1103 3194 eastra
1124 3129 1186 3194 ho-

110 3232 217 3298 stium
246 3232 345 3298 mittit
380 3235 424 3298 ad
458 3234 583 3298 flumen
610 3234 811 3317 Bagradam.
877 3232 999 3317 quibus
1034 3243 1187 3319 praeerat

113 3341 272 3421 Saburra,
296 3342 337 3406 de
362 3362 427 3424 quo
451 3346 527 3405 ante
559 3346 634 3406 erat
656 3340 823 3419 auditum3
848 3341 908 3404 sed
930 3362 987 3404 rex
1011 3363 1088 3406 cum
1112 3363 1185 3407 om-

112 3449 213 3513 nibus
237 3447 341 3531 copiis
364 3449 569 3531 sequebatur
597 3453 630 3512 et
660 3469 719 3512 sex
741 3446 869 3512 milium
894 3467 1055 3531 passuum
1080 3448 1184 3514 inter-

112 3557 204 3622 vallo
237 3578 258 3620 a
283 3556 430 3621 Saburra
464 3556 669 3622 consederat.
716 3555 844 3640 equites
876 3555 971 3620 missi
1001 3563 1099 3622 noete
1121 3557 1220 3624 iteri

107 3661 304 3740 conficiunt,
326 3661 556 3745 imprudentes
579 3665 678 3746 atque
694 3660 907 3746 inopinantes
929 3661 1042 3728 hostes
1061 3684 1183 3748 aggre-

107 3769 258 3835 diuntur.
304 3768 469 3834 Numidae
492 3768 581 3833 enim
605 3770 752 3854 quadam
774 3770 919 3833 barbara
941 3771 1183 3836 consuetudine
