2768 4200
375 238 495 296 COMM.
514 239 549 294 ΙΙ,
572 238 656 293 ΟΑΡ.
675 236 939 291 ΧΧΧΙ-ΧΧΧΙΙ.
1159 236 1195 291 67

122 424 187 487 que
210 402 367 482 sactum,
393 401 519 486 inquit,
552 400 686 465 ‘omnia
718 400 875 483 deinceps
907 400 1088 485 municipia
1115 407 1195 465 sunt

122 516 247 592 secuta,
265 531 372 594 neque
396 510 467 575 sine
490 530 593 574 causa
616 514 648 574 et
671 508 797 573 Caesar
819 507 1021 575 amicissime
1041 511 1081 574 de
1097 509 1194 574 vobis

122 626 154 685 et
177 619 226 682 illi
248 617 450 704 gravissime
473 616 723 696 iudicaverunt,
747 616 928 701 Pompeius
961 621 1073 680 autem
1102 617 1193 680 nullo

121 725 246 811 proelio
272 726 404 811 pulsus,
433 724 537 790 vestri
566 724 648 789 facti
677 723 880 807 praeiudicio
911 724 1063 788 demotus
1096 723 1195 789 Italia

122 832 275 899 excessit.
309 831 435 897 Caesar
453 852 516 910 me,
536 852 635 915 quem
655 831 719 896 sibi
738 830 948 896 carissimum
967 830 1095 911 habuit,
1115 852 1194 915 pro-

122 941 252 1007 vincias
275 939 425 1006 Siciliam
448 944 548 1024 atque
572 937 732 1018 Africam,
756 937 830 1003 sine
855 938 976 1023 quibus
999 939 1117 1003 urbem
1141 951 1193 1002 at-

122 1071 187 1135 que
209 1048 342 1113 Italiam
365 1045 450 1112 tueri
474 1066 542 1109 non
565 1051 683 1128 potest,
705 1050 838 1109 vestrae
861 1042 937 1108 fidei
955 1043 1131 1109 commisit.
1152 1083 1194 1092 -

122 1164 158 1224 at
180 1163 267 1230 sunt,
286 1156 422 1242 quivos
445 1155 627 1236 hortentur,
646 1159 683 1218 ut
706 1174 727 1217 a
749 1153 847 1218 nobis
871 1153 1075 1218 desciscatis.
1115 1154 1195 1238 quid
1218 1176 1232 1218 a

122 1265 211 1331 enim
235 1270 286 1329 est
309 1263 375 1328 illis
399 1260 554 1345 optatius,
579 1281 681 1345 quam
705 1280 771 1323 uno
794 1264 944 1343 tempore
972 1265 1005 1324 et
1035 1281 1095 1323 nos
1128 1260 1194 1324 cir-

121 1371 313 1440 cumvenire
338 1376 370 1434 et
392 1391 454 1433 vos
478 1368 606 1433 nefario
630 1367 754 1432 scelere
778 1367 1010 1451 obstringere?
1033 1373 1091 1432 aut
1114 1370 1232 1452 quida

122 1481 199 1547 irati
221 1478 360 1565 gravius
376 1480 417 1543 de
436 1477 532 1542 vobis
549 1476 672 1542 sentire
695 1481 842 1558 possunt,
862 1495 964 1560 quam
988 1482 1024 1540 ut
1043 1498 1099 1540 ecs
1117 1498 1195 1560 pro-

122 1588 227 1668 datis,
251 1586 309 1672 qui
336 1607 371 1650 se
400 1585 498 1649 vobis
528 1583 640 1648 omnia
671 1584 791 1648 debere
822 1582 991 1663 iudicant,
1016 1583 1050 1648 in
1081 1605 1195 1648 eorum

122 1699 320 1779 potestatem
343 1691 497 1770 veniatis,
523 1691 580 1775 qui
603 1712 639 1755 se
661 1712 720 1774 per
742 1711 803 1754 vos
827 1689 952 1774 perisse
977 1690 1196 1756 existimant?

123 1824 167 1866 an
189 1823 270 1866 vero
293 1800 329 1864 in
351 1798 516 1882 Hispania
539 1819 592 1862 res
616 1803 729 1882 gestas
753 1795 907 1861 Caesaris
932 1818 999 1860 non
1026 1797 1196 1863 audistis?
1218 1816 1232 1857 5

124 1909 207 1971 duos
232 1907 345 1989 pulsos
369 1904 549 1984 exercituS‚
575 1904 659 1967 duos
688 1909 860 1987 superatos
891 1905 1011 1983 duceS,
1035 1906 1119 1969 duas
1142 1927 1196 1970 re-

26 2019 30 2027 '
124 2019 238 2097 ceptus
261 2012 479 2096 provincias?
501 2011 587 2075 haec
606 2016 682 2075 acta
700 2010 817 2075 diebus
836 2011 908 2091 XL,
924 2013 1045 2097 quibus
1063 2013 1099 2077 in
1115 2035 1196 2078 oon-

125 2125 276 2204 speotum
300 2119 570 2183 adversariorum
601 2118 730 2182 venerit
761 2118 896 2187 Caesar.
934 2140 992 2199 an,
1016 2120 1073 2204 qui
1102 2120 1233 2185 inco-s

124 2228 233 2292 lumes
265 2224 420 2291 resistere
449 2245 515 2288 non
536 2230 742 2311 potueruut,
770 2227 891 2311 perditi
919 2227 1111 2292 resistant?
1135 2250 1196 2292 vos

124 2342 236 2400 autem
259 2335 387 2398 ineerta
410 2331 551 2397 victoria
570 2331 749 2398 Caesarem
779 2333 884 2399 secuti
916 2333 1099 2399 diiudicata
1127 2334 1195 2401 iarn

123 2441 202 2507 belli
224 2442 358 2507 fortuna
380 2439 508 2505 victum
531 2439 729 2524 sequamini,
753 2463 830 2506 cum
848 2442 953 2507 vestri
976 2441 1076 2506 officii
1098 2463 1196 2526 prae-

124 2549 191 2613 mia
214 2547 384 2632 percipere
408 2545 581 2611 debeatis?
603 2583 646 2595 ·—
672 2548 822 2613 desertos
855 2549 955 2615 etiam
979 2571 1016 2613 se
1048 2570 1088 2614 ac
1118 2572 1195 2633 pro·
1219 2571 1233 2616 r

124 2656 254 2722 ditosa
285 2655 382 2720 vobis
406 2655 522 2720 dicunt
552 2661 584 2720 et
608 2655 728 2739 prioris
758 2658 959 2723 sacramenti
992 2659 1197 2724 mentionem

123 2762 260 2834 faciunt.
306 2783 410 2826 vosne
434 2783 512 2826 vero
536 2762 573 2826 L.
591 2762 785 2844 Domitium,
803 2786 845 2828 an
869 2786 930 2828 vos
950 2765 1118 2829 Domitius
1138 2766 1196 2830 de·
1219 2785 1233 2826 a

124 2869 249 2933 seruit?
271 2891 381 2933 nonne
405 2873 587 2932 extremam
611 2869 681 2952 pati
704 2870 869 2934 fortunam
895 2875 1029 2952 paratos
1061 2871 1197 2953 proiecit

122 2974 200 3038 ille?
244 2997 311 3038 non
342 2974 405 3039 sibi
438 2974 523 3039 clam
553 2975 650 3040 vobis
678 2975 819 3040 salutem
850 2975 934 3059 suga
960 2977 1100 3060 petivit?
1130 2999 1196 3041 non

121 3079 243 3164 proditi
278 3101 336 3163 per
371 3080 464 3145 illum
499 3080 654 3146 Caesaris
680 3080 841 3146 beneficio
875 3083 954 3148 estis
986 3085 1197 3150 conservati?

122 3192 330 3250 sacramento
355 3186 491 3271 quidem
515 3208 576 3250 vos
599 3193 709 3252 tenere
725 3188 782 3271 qui
801 3189 916 3271 potuit,
942 3212 1018 3256 cum
1041 3192 1197 3275 proiectis
1219 3211 1233 3252 o

122 3293 271 3357 fascibus
296 3298 328 3356 et
352 3292 501 3376 deposito
525 3293 663 3376 imperio
690 3294 843 3377 privatus
866 3301 899 3360 et
922 3303 1041 3380 captus
1067 3298 1197 3381 ipsein

121 3398 267 3462 alienam
290 3397 438 3462 venisset
469 3397 694 3480 potestatem?
724 3398 933 3484 Relinquitur
956 3423 1045 3466 nova
1069 3403 1196 3488 religi0,

122 3511 159 3570 ut
181 3527 220 3570 eo
242 3504 397 3588 neglecto
420 3509 724 3587 sacramentaque
748 3507 916 3587 tenemini,
940 3508 1131 3592 respiciatis
1154 3511 1196 3573 il-

122 3613 189 3686 tud,
213 3612 303 3695 quod
325 3609 493 3675 deditione
517 3609 612 3673 ducis
635 3617 668 3675 et
692 3611 812 3695 capitis
835 3613 1060 3680 deminutione
1083 3616 1196 3680 subla-

121 3724 192 3782 tum
216 3723 276 3785 est.
301 3758 346 3766 -
370 3723 414 3796 at,
439 3717 549 3791 crede,
575 3715 604 3780 si
628 3716 806 3783 Caesarem
829 3721 987 3803 probatis
1011 3721 1046 3785 in
1070 3742 1123 3785 me
1147 3720 1196 3784 of·
1220 3745 1246 3786 10

122 3824 268 3889 senditis.
316 3824 372 3909 qui
396 3825 437 3888 de
461 3823 543 3888 meis
565 3824 600 3888 in
623 3846 684 3890 vos
709 3826 835 3891 meritis
854 3827 1111 3910 praedicaturus
1130 3849 1209 3888 non
