2768 4200
322 201 441 260 COMM.
462 199 513 255 Ill.
534 197 618 256 CAP.
639 194 949 254 LXXV-LXXVIII.
1119 200 1171 259 llo
1270 220 1277 230 ··

109 371 208 438 diano
228 372 309 437 ‘fere
341 375 486 454 tempore
516 366 610 452 signo
638 365 850 452 profectionis
883 369 960 433 dato
990 367 1170 435 exercitum
1201 387 1205 395 ·

108 480 219 546 educit
241 479 475 565 duplicatoque
498 476 568 542 eius
584 475 649 540 diei
666 475 782 541 itinere
801 476 882 541 VIII
898 477 988 542 milia
1010 500 1171 564 passuum

108 611 149 654 ex
171 610 209 654 eo
231 589 304 654 loco
319 585 488 672 procedit3
508 585 597 670 quod
615 584 724 649 facere
739 582 918 668 Pompeius
941 583 1094 651 discessu
1110 586 1172 652 rni-

107 696 203 762 litum
222 719 290 762 non
312 694 428 780 potuit.

195 805 366 872 LXXVII.
398 804 536 870 Postero
564 801 618 867 die
648 801 772 866 Caesar
802 799 952 866 similiter
981 801 1171 886 praemissis
1198 821 1207 863 1

108 916 215 1002 prima
238 920 333 980 nocte
356 911 601 999 impedimentis
629 911 670 975 de
695 915 812 994 quarta
842 909 959 994 vigilia
981 910 1051 996 ipse
1076 933 1172 997 egre-

108 1023 206 1104 ditur,
228 1028 275 1103 ut,
299 1021 327 1087 si
347 1041 412 1106 qua
428 1024 515 1086 esset
534 1017 690 1104 imposita
709 1016 889 1081 dimicandi
908 1017 1098 1100 necessitas
1114 1042 1172 1084 su-

106 1132 213 1198 bitum
230 1153 345 1198 casum
361 1131 512 1215 expedito
526 1128 672 1195 exercitu
688 1127 824 1193 subiret.
856 1128 920 1192 hoo
936 1128 1024 1194 idem
1039 1129 1172 1215 reliquis

109 1239 188 1306 fecIt
211 1239 338 1306 diebus
385 1238 507 1324 quibus
529 1237 629 1302 rebus
653 1235 836 1321 perfectum
860 1241 921 1317 est,
944 1241 982 1302 ut
1003 1237 1173 1303 altissimis
1198 1263 1210 1304 e

108 1348 300 1413 fluminibus
324 1352 422 1432 atque
445 1343 705 1430 impeditissimis
735 1343 908 1410 itineribus
930 1345 1057 1410 nullum
1086 1346 1174 1412 acci-

109 1460 203 1539 peret
231 1455 488 1520 incommodum.
543 1450 723 1536 Pompeius
747 1450 834 1516 enim
859 1450 958 1536 primi
985 1453 1052 1518 diei
1082 1475 1174 1520 mora
1198 1479 1211 1521 o

109 1564 201 1630 illata
224 1569 256 1629 et
278 1563 480 1648 reliquorum
498 1561 628 1627 dierum
646 1562 770 1626 frustra
793 1560 904 1625 labore
921 1567 1074 1646 suscepto
1098 1585 1172 1627 cum

109 1691 145 1736 se
168 1671 298 1757 magnis
322 1671 495 1738 itineribus
518 1671 707 1735 extenderet
730 1676 763 1735 et
780 1690 994 1754 praegressos
1018 1671 1175 1756 consequi

110 1786 255 1864 cuperet,
274 1785 390 1864 quarto
414 1778 466 1843 die
482 1777 581 1846 finem
600 1777 760 1861 sequendi
783 1777 861 1843 feeit
884 1783 983 1862 atque
1006 1778 1096 1843 aliud
1112 1779 1175 1844 sibi

109 1885 284 1951 consilium
300 1884 501 1969 capiendum
524 1884 735 1950 existimavit.

198 1992 420 2057 LXXXVIII.
445 1991 582 2057 Caesari
598 1993 641 2056 ad
659 1991 790 2057 saucios
810 1994 1032 2079 deponendos,
1050 1995 1175 2080 stipen-
1201 2027 1209 2068 1

111 2099 202 2164 dium
218 2099 376 2165 exercitui
391 2100 548 2180 dandum,
565 2099 673 2166 socios
696 2100 951 2184 confirmandos
974 2104 1175 2188 praesidium

110 2207 249 2273 urbibus
280 2207 532 2292 relinquendum
564 2229 701 2274 necesse
736 2215 806 2274 erat
836 2209 926 2274 adire
954 2211 1176 2294 Apolloniam.

110 2317 170 2381 sed
197 2315 251 2381 his
282 2317 381 2382 rebus
419 2320 548 2381 tantum
577 2315 734 2400 temporis
766 2316 890 2398 tribuit,
921 2323 1082 2402 quantum
1107 2325 1213 2390 erat-2

109 2424 299 2509 properanti
329 2446 480 2491 necesse:
511 2423 632 2489 timens
656 2425 810 2506 Domitio,
833 2448 875 2491 ne
906 2428 1054 2493 adventu
1076 2429 1176 2494 Pom·

109 2531 163 2616 pei
192 2537 507 2617 praeoccuparetur,
532 2532 575 2596 ad
599 2553 676 2597 eum
707 2531 799 2598 omni
823 2533 990 2600 celeritate
1013 2541 1045 2600 et
1068 2535 1176 2601 studio

109 2638 266 2706 incitatus
288 2641 466 2706 ferebatur.
513 2641 613 2707 totius
635 2647 748 2708 autem
771 2641 820 2707 rei
842 2643 1015 2709 consilium
1039 2644 1091 2709 his
1120 2666 1175 2709 ra·
1200 2671 1213 2712 a

110 2745 256 2812 tionibus
280 2747 478 2834 explicabat,
498 2753 544 2830 ut,
569 2748 598 2814 si
618 2748 797 2833 Pompeius
817 2751 933 2814 eodem
951 2751 1175 2829 contenderet,

110 2855 293 2920 abductum
316 2856 408 2920 illum
434 2877 454 2920 a
478 2855 563 2921 mari
586 2861 686 2940 atque
710 2857 752 2920 ab
776 2856 818 2920 iis
842 2855 956 2940 copiis,
981 2876 1064 2940 quas
1086 2856 1176 2942 Dyr-

109 2963 214 3027 rachii
237 2969 499 3047 comparaverat,
515 2963 671 3028 frumenti
689 2985 728 3028 ao
744 2969 948 3028 commeatus
971 2965 1176 3028 abstractum

107 3069 179 3155 pari
203 3070 396 3136 condicione
416 3070 491 3135 belli
508 3090 621 3135 secum
638 3071 808 3135 decertare
832 3074 978 3154 cogeret3
997 3069 1026 3134 si
1049 3069 1084 3134 in
1106 3070 1175 3134 lta·
1200 3115 1212 3155 4

107 3176 186 3242 liam
209 3177 372 3258 transiret,
397 3177 571 3242 coniuncto
591 3175 736 3241 exercitu
752 3197 827 3241 oum
845 3176 989 3242 Domitio
1012 3197 1071 3260 per
1094 3178 1176 3264 Illy-

106 3285 213 3351 rioum
229 3287 346 3353 Italiae
362 3286 510 3353 subsidio
527 3285 807 3371 proficisceretur3
824 3285 852 3350 si
870 3285 1083 3370 Apolloniam
1099 3285 1176 3352 Ori-

106 3415 249 3478 cumque
273 3414 467 3478 oppugnare
491 3397 581 3459 etse
605 3392 695 3457 omni
717 3393 884 3459 maritima
914 3415 972 3458 ora
1001 3393 1177 3458 excludere

107 3507 293 3582 conaretur,
317 3502 453 3565 obsesso
477 3499 631 3584 Scipione
661 3500 846 3566 necessario
869 3501 964 3566 illum
987 3501 1056 3565 suis
1082 3501 1177 3566 auxi-

108 3608 190 3674 lium
215 3610 301 3675 ferre
331 3614 471 3693 cogeret.
524 3608 637 3693 itaque
667 3608 859 3692 praemissis
889 3608 1013 3673 nuntiis
1043 3611 1086 3673 ad
1114 3609 1212 3693 Cn.5

111 3715 294 3783 Domitium
317 3718 440 3782 Caesar
471 3716 603 3802 scripsit
633 3724 666 3782 et
700 3717 780 3802 quid
802 3717 871 3783 fieri
902 3718 1003 3783 vellet
1033 3718 1177 3784 ostendit

109 3825 341 3912 praesidioque
366 3825 561 3910 Apolloniae
584 3826 774 3893 cohortibus
793 3825 851 3909 IV,
869 3826 958 3892 Lissi
972 3827 997 3909 I,
1017 3827 1066 3893 Ill
1085 3825 1176 3893 Orici
