2768 4200
424 198 545 255 COMM.
564 199 603 255 ΙΙ.
624 198 709 255 CAP.
727 198 796 253 XLI
808 199 942 255 -XLIV.
1187 199 1221 254 75

140 366 331 431 volaturam
348 365 608 451 suspicarentur.
644 364 757 449 itaque
775 365 959 449 perterritis
983 366 1138 431 omnibus
1154 363 1219 430 sibi
1245 378 1259 420 3

139 472 288 558 quisque
310 473 517 538 consulebat.
563 470 672 556 quiin
695 472 803 537 classe
827 478 934 552 erant,
957 472 1121 556 proficisci
1145 494 1220 557 pro·

143 583 315 665 parabant.
344 581 480 645 'horum
508 579 591 663 suga
613 577 749 643 navium
782 579 1012 644 onerariarum
1039 579 1218 665 magistros

139 687 319 752 incitabat:
343 686 442 771 pauci
464 685 634 751 lenunculi
649 686 693 750 ad
711 684 858 750 officium
880 685 1123 771 imperiumque
1139 707 1221 751 con-

141 793 334 858 veniebant.
381 793 441 858 sed
464 797 557 857 tauta
580 797 651 857 erat
674 790 848 875 completis
867 791 1019 858 litoribus
1043 791 1256 872 contentio‚4
1342 801 1344 807 '

143 901 202 985 qui
225 900 436 985 potissimum
467 922 508 964 ex
540 920 662 984 magno
698 920 836 965 numero
868 901 1148 979 conscenderent,
1179 905 1217 964 ut
1351 888 1358 905 ³

143 1006 355 1071 multitudine
378 1012 478 1090 atque
504 1027 603 1071 onere
627 1005 778 1071 nonnulli
801 1006 1073 1091 deprimerentur,
1097 1006 1218 1092 reliqui

138 1116 186 1179 ob
208 1114 359 1180 timorem
383 1113 521 1199 propius
540 1113 633 1178 adire
655 1115 877 1180 tardarentur.

232 1221 353 1287 XLIV.
378 1221 509 1304 Quibus
531 1223 632 1286 rebus
662 1221 795 1303 accidit,
827 1228 864 1288 ut
886 1220 986 1306 pauci
1009 1221 1132 1286 milites
1155 1242 1216 1305 pa·
1240 1248 1251 1290 1

139 1338 276 1416 tresque
310 1333 469 1413 familiae,
502 1332 560 1417 qui
591 1338 648 1398 aut
681 1332 791 1418 gratia
814 1338 872 1398 aut
894 1332 1122 1398 misericordia
1153 1354 1217 1397 va-

140 1438 249 1505 lerent
280 1447 339 1506 aut
361 1461 466 1505 naves
498 1441 625 1506 adnare
654 1446 806 1524 possent,
837 1439 963 1524 recepti
1000 1439 1035 1504 in
1066 1439 1216 1504 Siciliam

138 1533 326 1612 incolumes
354 1547 574 1632 pervenirent.
622 1548 772 1633 reliquae
795 1547 911 1632 copiae
942 1547 1054 1612 missis
1078 1548 1122 1611 ad
1145 1547 1216 1611 Va-

139 1675 216 1717 rum
238 1660 341 1720 noctu
362 1655 548 1740 legatorum
572 1677 711 1720 numero
735 1653 982 1720 centurionibus
1006 1673 1079 1718 sese
1103 1652 1133 1716 ei
1156 1653 1216 1717 de·

138 1760 306 1826 dideruut.
352 1783 495 1847 quarum
520 1761 707 1827 cohortium
738 1760 860 1826 milites
890 1765 1023 1843 postero
1055 1759 1109 1823 die
1137 1767 1251 1825 antee

137 1868 301 1952 oppidum
324 1868 409 1933 Iuba
436 1869 648 1953 conspicatus
671 1890 768 1934 suam
796 1889 869 1933 esse
893 1867 1092 1951 praedicans
1114 1887 1212 1950 prae-

136 1976 218 2037 dam
248 1995 409 2058 magnam
444 1981 575 2059 partem
609 1997 724 2041 eorum
758 1972 902 2040 interfici
935 1972 1052 2053 iussit,
1086 1994 1212 2058 paucos

136 2080 263 2144 electos
291 2079 326 2143 in
355 2102 498 2165 regnum
525 2079 707 2164 praemisit,
739 2103 816 2146 cum
846 2082 957 2147 Varus
989 2102 1085 2145 suam
1112 2080 1212 2145 fidem

140 2183 184 2247 ab
208 2205 247 2248 eo
275 2185 365 2248 laedi
393 2192 586 2270 quereretur
613 2207 722 2271 neque
755 2186 910 2252 resistere
945 2187 1092 2251 auderet
1138 2185 1249 2269 ipseo

136 2311 225 2374 equo
247 2291 284 2357 in
313 2291 472 2376 oppidum
499 2291 652 2356 invectus
681 2293 959 2378 prosequentibus
983 2292 1211 2376 compluribus

135 2398 359 2477 senatoribus,
384 2397 506 2483 quoin
528 2404 755 2464 uumercerat
778 2399 847 2471 Ser.
872 2398 1041 2484 Sulpicius
1066 2407 1099 2466 et
1122 2399 1212 2465 Lici-

139 2505 214 2570 nius
230 2505 468 2590 Damasippus,
483 2503 614 2595 [paucis
629 2505 761 2598 diebus]
786 2528 872 2591 quae
886 2506 957 2572 fieri
975 2507 1077 2572 vellet
1092 2506 1211 2573 Uticae

133 2613 310 2678 constituit
332 2619 432 2698 atque
454 2612 634 2697 imperavit
657 2613 841 2700 diebusque
870 2619 946 2698 post
968 2613 1086 2699 paucis
1110 2635 1147 2678 se
1175 2613 1211 2678 in

135 2740 279 2803 regnum
303 2741 381 2785 cum
405 2719 558 2785 omnibus
583 2720 688 2805 copiis
712 2722 847 2807 recepit.
