2768 4200
200 194 239 249 58
571 193 623 248 DE
643 192 769 249 BELLO
789 192 911 248 CIVILI

201 353 323 437 gusliis
340 356 384 419 ad
405 354 549 419 Ilerdam
573 353 622 420 rei
644 354 882 419 frumentariae
905 353 1045 438 accepit,
1068 358 1167 438 atque
1189 353 1277 417 haec

202 463 246 525 ad
270 484 347 527 eum
371 462 490 528 elatius
515 468 614 547 atque
637 461 785 527 inflatius
807 461 968 526 Afranius
983 460 1222 545 perscribebat,
1238 481 1275 525 se

202 587 334 653 quoque
357 571 401 633 ad
423 576 533 635 motus
556 569 707 633 fortunae
729 589 864 633 movere
887 567 1005 653 coepit.

165 693 177 733 1
290 675 417 742 XVIII.
442 676 608 742 Dilectum
632 677 751 741 habuit
781 680 851 741 tota
873 675 1063 760 provincia3
1085 673 1275 760 legionibus

202 781 376 865 eompletis
392 784 524 847 duabus
540 784 692 848 cohortes
711 783 843 849 circiter
865 783 968 849 XXX
990 782 1113 849 alarias
1135 780 1274 846 addidit.

200 889 359 954 frumenti
379 911 540 975 magnum
556 912 734 955 numerum
753 890 873 974 coegit,
891 891 979 974 quod
997 888 1275 968 Massiliensibus,

200 997 280 1060 item
308 999 398 1080 quod
428 997 568 1069 Afranio
596 998 793 1082 Petreioque
823 998 977 1064 mitteret.
1023 1017 1130 1062 naves
1156 995 1275 1079 longas

200 1104 234 1168 X
258 1102 435 1169 Gaditanis
458 1110 495 1169 ut
518 1106 665 1170 facerent
687 1104 875 1188 imperavit,
899 1104 1086 1188 complures
1101 1107 1276 1188 praeterea

160 1221 178 1262 ‘2
200 1210 331 1294 Hispali
354 1211 526 1276 faciendas
549 1211 691 1276 curavit.
737 1213 915 1297 pecuniam
940 1232 1074 1276 omnem
1097 1209 1275 1293 omniaque

200 1323 398 1383 ornamenta
420 1341 461 1383 ex
483 1320 562 1383 sano
585 1320 740 1385 Herculis
765 1320 800 1384 in
828 1318 989 1403 oppidum
1018 1318 1132 1384 Gades
1155 1322 1275 1380 eontu-

200 1424 255 1502 lit;
280 1446 318 1488 eo
341 1446 399 1489 sex
422 1423 575 1490 cohortes
597 1426 757 1509 praesidii
788 1447 892 1491 causa
915 1448 957 1490 ex
978 1424 1154 1509 provincia
1183 1423 1276 1488 misit

201 1531 392 1617 Gaiumque
426 1532 618 1597 Gallonium
653 1533 799 1618 equitem
832 1535 1040 1613 Romanum,
1072 1531 1273 1596 familiarem

200 1638 347 1720 Domitii,
371 1640 429 1724 qui
451 1659 500 1704 eo·
518 1643 748 1724 procurandae
779 1640 976 1705 hereditatis
1008 1661 1114 1704 causa·
1135 1644 1275 1703 venerat
1365 1700 1369 1708 .

200 1745 324 1810 missas
340 1769 360 1812 a
376 1746 532 1826 Domitio,
548 1746 668 1830 oppido
690 1746 842 1813 Gadibus
858 1745 1032 1830 praefecit3
1050 1766 1144 1810 arma
1160 1744 1273 1809 omnia

161 1854 332 1936 aprivata
360 1876 401 1919 ac
429 1855 567 1939 publica
599 1855 634 1919 in
657 1855 794 1918 domum
826 1852 973 1918 Gallonii
1003 1852 1151 1917 eontulit.
1198 1852 1272 1936 ipse

200 1958 319 2022 habuit
337 1979 459 2042 graves
474 1959 509 2022 in
529 1959 710 2023 Caesarem
729 1957 917 2023 contiones:
934 1978 1034 2039 saepe
1054 1979 1094 2020 ex
1112 1955 1273 2021 tribunali

200 2063 407 2146 praedicavit
435 2067 578 2130 adversa
601 2064 780 2130 Caesarem
804 2064 931 2148 proelia
953 2063 1083 2143 secisse,
1107 2085 1273 2148 magnum

202 2189 378 2234 numerum
404 2173 446 2235 ab
470 2193 509 2236 eo
532 2172 676 2237 militum
701 2173 744 2236 ad
766 2172 946 2237 Afranium
966 2171 1170 2256 perfugisse3
1186 2172 1273 2236 haec

160 2294 236 2343 -lse
265 2276 363 2340 certis
386 2278 522 2356 nuntiiS,
551 2278 650 2344 certis
675 2279 867 2344 auctoribus
890 2279 1103 2363 comperisse.
1152 2278 1273 2362 quibus

202 2383 302 2445 rebus
325 2383 516 2465 perterritos
540 2384 631 2450 cives
647 2387 815 2450 Romanos
839 2385 910 2450 eius
925 2386 1117 2471 provinciae
1141 2385 1206 2450 sibi
1230 2386 1274 2449 ad

201 2490 462 2573 rempublicam
490 2491 792 2557 administrandam
814 2492 871 2557 HS
897 2492 1055 2557 CLXXX
1086 2497 1119 2557 et
1143 2492 1274 2576 argenti

201 2598 310 2679 pondo
340 2598 408 2662 XX
434 2597 537 2679 milia,
560 2598 662 2663 tritici
684 2599 835 2664 modium
867 2599 964 2665 CXX
998 2598 1091 2664 milia
1124 2598 1273 2683 polliceri

163 2728 177 2768 a
202 2706 321 2790 coegit.
364 2728 447 2791 quas
466 2706 606 2772 Caesari
625 2728 699 2772 esse
722 2708 850 2772 amicas
866 2707 1022 2772 civitates
1037 2706 1273 2790 arbitrabatur,

200 2812 253 2876 his
271 2814 427 2897 graviora
446 2835 547 2879 onera
564 2814 761 2900 iniungebat
775 2815 1008 2900 praesidiaque
1031 2836 1069 2880 eo
1086 2817 1274 2881 deducebat

201 2924 234 2982 et
262 2918 387 2983 iudicia
415 2919 451 2984 in
480 2920 628 3004 privatos
658 2922 828 3001 reddebat,
858 2920 916 3005 qui
938 2923 1042 2986 verba
1073 2927 1174 3006 atque
1198 2943 1273 2986 ora-

200 3027 324 3091 tionem
348 3028 511 3094 adversus
534 3051 605 3094 rem
628 3029 800 3114 publicam
817 3029 1030 3109 habuissent3
1047 3051 1162 3094 eorum
1184 3031 1274 3094 bona

199 3135 234 3198 in
257 3134 430 3218 publicum
461 3137 647 3203 addicebat.
693 3136 902 3221 provinciam
934 3158 1066 3202 omnem
1096 3136 1132 3201 in
1156 3143 1274 3203 suaet

160 3263 177 3304 o
200 3242 339 3325 Pompei
361 3246 464 3308 verba
479 3242 531 3308 ius
546 3244 725 3309 iurandum
742 3244 911 3327 adigebat.
957 3244 1099 3328 cognitis
1114 3244 1156 3309 iis
1172 3245 1273 3309 rebus

200 3371 286 3432 quae
309 3357 389 3416 sunt
410 3358 525 3435 gestae
543 3351 579 3415 in
599 3352 751 3416 citeriore
774 3351 948 3435 Hispania,
971 3353 1097 3416 bellum
1120 3353 1272 3436 parabat.

198 3457 284 3522 ratio
308 3465 418 3523 autem
452 3460 537 3523 haec
564 3464 636 3522 erat
664 3458 753 3537 belli,
783 3464 821 3523 ut
843 3479 879 3523 se
914 3480 992 3523 cum
1019 3459 1054 3524 II
1085 3458 1273 3542 legionibus

201 3566 314 3632 Gades
344 3566 517 3645 conferret,
540 3586 645 3629 naves
668 3564 940 3650 frumentumque
963 3586 1060 3629 omne
1093 3564 1141 3628 ibi
1164 3565 1272 3629 eonti-

199 3679 302 3738 neret.
348 3673 555 3756 provinciam.
577 3672 668 3736 enim
698 3693 832 3737 omnem
856 3671 1010 3737 Caesaris
1032 3673 1133 3736 rebus
1157 3673 1272 3738 lavere

197 3784 412 3866 cognoverat.
458 3777 625 3844 ininsula
648 3780 813 3845 frumento
835 3779 1046 3863 navibusque
1070 3781 1272 3862 comparatis
