2768 4200
431 226 551 283 COMM.
569 227 607 281 Il.
628 227 712 282 CAP.
732 227 878 281 lV—Vll.
1128 228 1140 237 “
1154 225 1188 281 51
1206 281 1208 285 ,

114 388 272 454 virtutem
290 390 406 471 defuit,
419 390 480 455 sed
495 410 661 454 memores
680 411 794 454 eorum
816 395 1080 473 praeceptorum,
1102 410 1188 473 quae

114 496 213 579 paulo
237 502 315 561 ante
339 497 381 560 ab
406 497 475 561 suis
506 503 716 580 acceperant,
739 496 803 560 hoc
826 495 938 560 animo
963 496 1189 572 decertabant,
1243 525 1246 532 ·

115 603 303 667 ιιιιιιιιιιιιιι
322 603 451 668 aliudt
438 608 569 686 tempus
585 604 628 666 ad
647 604 837 666 conandum
860 600 957 666 habit
945 602 1011 665 turi
1033 601 1190 666 videren-

114 718 178 789 tur,
191 733 209 775 e
211 709 383 806 tquibus
374 732 410 774 ιιι
428 731 543 794 pugna
556 709 646 806 vitae
662 710 847 794 periculum
864 709 1031 774 accideret
1018 714 1126 788 ι,ιιοιι
1142 710 1168 774 ιι
1170 732 1191 774 a

115 817 220 881 multo
255 839 292 881 se
325 816 529 901 reliquorum
559 816 684 880 civium
716 817 824 882 fatum
855 822 914 881 ant
901 819 1052 882 tecedere
1075 818 1189 883 existi-

116 928 257 1003 ιιιοιοιιι,
293 925 414 1008 quibus
449 924 549 988 urbe
546 928 653 1007 capta
619 926 803 988 teadem
834 929 922 989 esset
909 924 1028 989 tbelli
1056 924 1191 990 fortuna

116 1029 283 1112 patienda.
326 1030 537 1114 diductisque
559 1030 681 1094 nestris
704 1030 867 1114 paulatim
891 1031 1034 1095 navibus
1058 1036 1091 1095 et
1113 1026 1227 1096 arti-'2
1308 1088 1312 1095 .

115 1135 191 1201 ficio
213 1140 475 1222 gubernatorum
498 1141 533 1202 et
555 1137 732 1203 mobilitati
754 1137 894 1202 navium
911 1136 1005 1201 locus
1028 1140 1171 1202 dabatur
1181 1161 1195 1231 ς.

117 1251 150 1309 et
177 1245 204 1309 si
237 1248 369 1330 quando
398 1245 501 1310 nostri
518 1247 728 1310 'facultatem
760 1244 849 1309 nacti
885 1231 1002 1309 ferreis
1033 1244 1189 1309 manibus

114 1352 254 1417 iniectis
270 1374 392 1416 navem
415 1352 649 1436 religaverunt,
681 1333 829 1436 undique
859 1351 930 1415 suis
959 1351 1189 1416 laborantibus

116 1461 365 1530 succurrebant,
412 1462 521 1544 neque
547 1460 627 1525 v'ero
651 1459 821 1525 coniuncti
849 1459 977 1524 Albicis
1002 1459 1190 1523 comminus
1214 1494 1227 1537 3

117 1568 298 1651 pugnando
323 1561 532 1631 deficiebant
556 1589 665 1655 neque
696 1550 838 1631 multum
873 1567 1038 1630 cedebant
1067 1565 1190 1630 virtute

116 1675 248 1740 nostris.
296 1674 396 1739 simul
419 1697 460 1738 ex
477 1673 661 1743 minoribus
680 1673 826 1752 navibus
844 1693 969 1757 magna
986 1672 1039 1736 vis
1059 1673 1191 1738 eminus

117 1781 220 1846 missa
238 1783 379 1848 telorum
402 1783 508 1846 multa
531 1781 652 1845 nostris
669 1783 710 1845 de
724 1779 905 1864 improviso
924 1779 1192 1862 imprudentibus

118 1894 219 1973 atque
234 1888 403 1971 impeditis
425 1888 566 1952 vulnera
581 1888 781 1953 inferebant.
829 1886 1107 1970 conspicataeque
1130 1907 1192 1950 na·
1214 1922 1228 1963 4

118 2016 177 2058 ves
200 1994 351 2058 triremes
374 1996 460 2058 duae
483 2015 604 2058 navem
628 1994 669 2057 D.
694 1993 798 2072 Bruti,
823 2014 908 2076 quae
932 2014 973 2056 ex
991 1992 1118 2077 insigni
1140 1994 1191 2057 sa-

119 2101 181 2165 cile
199 2091 352 2184 ¹agnosci
379 2107 517 2184 poterat,
548 2102 679 2165 duabus
708 2123 750 2165 ex
774 2100 924 2183 partibus
955 2122 1032 2178 sese¹
1051 2101 1086 2165 in
1117 2122 1191 2166 eam

118 2206 348 2272 incitaverunt.
327 2210 501 2273 ttsed
488 2214 560 2273 tant
561 2230 619 2272 um
653 2228 689 2271 re
712 2207 855 2290 provisa
878 2207 961 2272 Brut
948 2212 1002 2272 tus
1025 2206 1192 2273 celeritate

118 2313 216 2378 navis
240 2313 353 2378 enisus
376 2319 436 2393 est,
460 2319 625 2398 utparvo
654 2320 822 2379 momento
846 2319 904 2379 ant
892 2316 1066 2380 ttecedere
1114 2315 1224 2380 illae
1215 2352 1227 2391 5

118 2423 202 2486 adeo
227 2419 384 2505 graviter
398 2420 485 2485 inter
512 2443 548 2486 se
572 2421 675 2486 incita
677 2427 729 2486 tae
677 2420 990 2501 ιοοιιιιιιιοιιιιιι,
1023 2423 1191 2487 ut-vehe

118 2526 325 2593 meritissime
347 2533 489 2612 utraque
513 2550 552 2592 ex
571 2549 738 2592 concursu
760 2528 960 2608 laborarent,
984 2527 1089 2592 altera
1111 2549 1191 2592 vero

118 2635 304 2718 praefracto
327 2640 432 2698 rostro
456 2639 525 2698 tota
542 2634 773 2699 collabefieret.
820 2655 888 2718 qua
902 2655 938 2698 re
959 2634 1193 2698 animadversa
1215 2670 1228 2710 5

118 2764 204 2827 quae
226 2742 395 2827 proximae
419 2741 449 2806 ei
471 2742 544 2807 loco
569 2766 610 2808 ex
632 2743 729 2808 Bruti
756 2743 864 2808 classe
895 2763 1003 2807 naves
1027 2749 1133 2822 erant,
1156 2742 1192 2806 in

119 2869 175 2912 eas
198 2848 376 2931 impeditas
407 2847 569 2932 impetum
600 2849 728 2914 faciunt
751 2849 969 2933 celeriterque
992 2851 1110 2913 ambas
1134 2851 1190 2914 de-

120 2955 276 3038 primunt.

209 3061 281 3126 VII.
306 3061 373 3126 Sed
396 3063 599 3127 Nasidianae
617 3083 722 3127 naves
741 3063 833 3127 nullo
851 3062 928 3127 usui
946 3062 1081 3127 fuerunt
1104 3062 1192 3128 cele·
1216 3097 1226 3138 1

118 3168 262 3253 riterque
278 3189 394 3252 pugna
412 3174 635 3233 excesserunt.
678 3190 744 3233 non
763 3168 853 3233 enim
871 3169 933 3233 has
954 3174 1013 3233 aut
1031 3191 1192 3253 conspec-

118 3282 172 3340 tus
195 3258 323 3360 patriae
348 3281 407 3340 aut
430 3276 691 3359 propinquorum
721 3281 900 3396 praecepta
931 3278 974 3340 ad
1005 3280 1190 3341 extremum

117 3382 207 3447 vitae
230 3382 414 3466 periculum
439 3381 531 3445 adire
562 3383 797 3465 cogebanti
785 3389 897 3468 itaque
928 3406 968 3448 ex
992 3405 1030 3448 eo
1053 3406 1190 3449 numero
1213 3418 1227 3459 2

117 3490 256 3555 navium
274 3490 366 3554 nulla
382 3488 548 3554 desidera
535 3495 569 3554 a
592 3495 738 3554 estex
756 3489 1016 3555 Massiliensium
1037 3489 1145 3554 classe
1161 3491 1191 3554 V

118 3619 179 3662 sun
181 3599 393 3682 tdepressae,
414 3597 462 3661 IV
484 3602 611 3680 captae,
631 3617 792 3662 unacum
813 3596 1003 3662 Nasidianis
1022 3596 1189 3680 profugit3

119 3727 205 3790 quae
227 3726 343 3771 omnes
361 3703 547 3770 citeriorem
566 3703 763 3787 Hispaniam
782 3703 978 3787 petiverunt.
1026 3707 1061 3766 at
1080 3724 1120 3766 ex
1136 3722 1190 3765 re·
1212 3736 1226 3777 3

117 3809 220 3895 liquis
245 3833 313 3876 una
335 3810 520 3896 praemissa
543 3809 731 3876 Massiliam
753 3810 852 3876 huius
872 3809 979 3876 nuntii
1002 3807 1203 3892 perimendi
