2768 4200
184 206 220 260 34
546 202 599 261 DE
619 207 745 264 BELLO
768 208 890 264 CIVILI

183 371 318 454 gebant.
366 369 522 441 Caesaris
545 376 656 436 autem
680 378 751 437 erat
765 371 800 436 in
815 372 967 437 barbaris
989 394 1111 438 nomen
1135 376 1258 440 obscu-

182 475 261 542 rius,
307 474 364 540 hic
383 496 524 560 magnos
541 477 709 560 equitatus
725 498 916 561 magnaque
935 478 1061 543 auxilia
1085 488 1258 563 exspecta·

182 581 266 644 bant
288 583 321 644 et
343 580 411 644 suis
434 579 516 645 locis
539 580 665 646 bellum
689 581 724 644 in
740 580 884 646 hiemem
907 583 1028 648 ducere
1052 584 1257 668 cogitabant.

145 707 158 747 4
182 688 247 752 hoo
269 688 351 753 inito
375 688 514 754 consilio
533 694 601 754 toto
622 687 760 752 flumine
775 687 899 752 Hibero
922 709 1026 753 naves
1050 689 1203 774 conquiri
1223 697 1258 757 et

181 794 388 879 Octogesam*
404 793 528 860 adduci
549 794 672 862 iubent.
720 793 755 859 id
778 799 848 859 erat
863 793 1023 878 oppidum
1046 795 1192 879 positum
1211 800 1256 863 ad

179 900 342 966 Hiberum
365 900 525 987 miliaque
554 922 716 986 passuum
751 901 914 966 acastris
942 903 1059 968 aberat
1086 904 1161 968 XX.
1210 907 1256 970 ad

180 1031 258 1075 eum
286 1009 396 1074 locum
420 1009 566 1074 fluminis
593 1009 736 1074 navibus
767 1008 890 1073 iunctis
921 1016 1056 1093 pontem
1086 1011 1256 1095 imperant
1304 1062 1307 1066 r

179 1116 252 1182 fieri
273 1115 487 1200 legionesque
511 1119 595 1181 duas
618 1118 742 1180 ssnmen
766 1114 908 1182 Sicorim
932 1120 1170 1197 transducunt;
1194 1141 1254 1184 ca-

180 1231 249 1290 stra
272 1223 467 1288 muniuntur
490 1224 578 1288 vallo
602 1224 726 1307 pedum
749 1223 826 1288 XII.
1248 1220 1252 1234 '

144 1343 155 1383 1
269 1329 374 1394 LXII.
399 1328 476 1411 Qua
498 1349 535 1393 re
557 1349 617 1413 per
641 1328 865 1412 exploratores
889 1331 1024 1415 cognita
1047 1353 1178 1397 summo
1201 1334 1254 1398 la-

177 1437 258 1500 bore
281 1435 423 1500 militum
447 1435 573 1500 Caesar
595 1435 787 1501 continuato
811 1437 900 1502 diem
922 1444 1120 1522 noctemque
1151 1461 1255 1523 opere

177 1542 212 1606 in
234 1542 370 1607 flumine
389 1543 569 1607 avertendo
585 1543 653 1607 huo
672 1542 740 1607 iam
758 1544 939 1608 deduxerat
1027 1596 1035 1624 ‚
1059 1552 1095 1611 ut
1111 1546 1253 1630 equites⁷

178 1651 241 1717 etsi
264 1651 441 1715 difficulter
464 1655 562 1734 atque
593 1671 692 1735 aegre
714 1651 825 1729 fiebat,
848 1658 984 1734 possent
1007 1657 1118 1716 tamen
1149 1660 1254 1737 atque

140 1768 153 1809 2
176 1759 339 1823 auderent
352 1757 477 1822 flumen
495 1756 646 1836 transire,
664 1756 792 1840 pedites
808 1776 888 1820 vero
905 1758 1134 1821 tantummodo
1153 1780 1250 1825 ume-

175 1865 222 1930 ris
245 1887 285 1930 ac
308 1885 440 1929 summo
463 1869 597 1947 pectore
622 1867 788 1927 exstarent
804 1870 836 1928 et
852 1885 929 1927 cum
949 1863 1122 1929 altitudine
1140 1887 1251 1948 aquae

175 1976 246 2036 tum
270 1969 371 2036 etiam
393 1969 570 2054 rapiditate
594 1967 740 2033 fluminis
764 1970 808 2033 ad
834 1970 1075 2034 transeundum
1104 1969 1251 2054 impedi-

139 2089 152 2130 3
175 2084 296 2143 rentur.
342 2079 402 2142 sed
427 2083 540 2142 tamen
564 2077 681 2140 eodem
704 2075 773 2139 fere
796 2081 944 2159 tempore
959 2097 1043 2159 pons
1066 2075 1101 2140 in
1124 2076 1251 2142 Hibero

174 2206 277 2268 prope
310 2186 448 2249 effectus
483 2182 701 2248 nuntiabatur
729 2189 762 2247 et
794 2180 830 2247 in
859 2181 966 2248 Sicori
994 2185 1120 2248 vadum
1149 2205 1250 2268 repe-

175 2290 333 2356 riebatur.
645 2362 646 2366 ¹
730 2294 735 2303 '

141 2429 151 2469 1
265 2397 388 2462 LXIII.
407 2397 479 2462 Iam
499 2417 579 2462 vero
595 2418 634 2460 eo
652 2396 762 2480 magis
778 2395 827 2460 illi
842 2400 1076 2463 maturandum
1096 2397 1159 2462 iter
1175 2397 1247 2461 exi-

175 2504 367 2575 stimabant.
413 2504 525 2587 itaque
549 2502 680 2566 duabus
703 2500 922 2566 auxiliaribus
946 2503 1137 2568 cohortibus
1162 2503 1247 2569 Iler-

175 2612 237 2675 dae
259 2610 424 2694 praesidio
447 2608 572 2674 relictis
596 2608 751 2672 omnibus
775 2606 880 2691 copiis
904 2608 1042 2673 Sicorim
1072 2616 1248 2677 transeunt

174 2722 207 2783 et
235 2739 312 2782 curn
354 2718 484 2783 duabus
512 2714 716 2799 legionibuS‚
750 2735 834 2798 quas
869 2714 1095 2797 superioribus
1127 2717 1249 2783 diebus

136 2827 443 2905 otransduxerant‚
474 2829 585 2888 castra
615 2822 830 2905 coniungunt.
877 2820 1127 2907 relinquebatur
1158 2823 1246 2889 Cae-

173 2934 240 2999 sari
268 2933 364 3014 nihil,
387 2931 451 2997 nisi
474 2931 522 2996 uti
542 2929 691 3015 equitatu
720 2950 843 3013 agmen
863 2927 1132 2993 adversariorum
1157 2932 1248 2997 male

171 3041 309 3106 haberet
332 3048 365 3106 et
387 3044 547 3123 carperet.
594 3059 679 3122 pons
703 3037 791 3101 enim
813 3035 920 3120 ipsius
936 3057 1097 3120 magnum
1121 3037 1246 3102 circui-

170 3152 242 3212 tum
267 3147 421 3227 habebat,
445 3152 481 3211 ut
504 3145 608 3210 multo
626 3144 779 3209 breviore
800 3143 917 3209 itinere
939 3144 991 3209 illi
1015 3146 1059 3209 ad
1081 3145 1244 3211 Hiberum

134 3289 147 3330 3
170 3253 343 3336 pervenire
358 3259 504 3337 possent.
554 3252 681 3336 equites
697 3252 739 3316 ab
756 3273 794 3314 eo
811 3251 903 3316 missi
916 3251 1056 3316 flument
1070 3255 1248 3317 transeunt.

172 3365 214 3440 et,
238 3382 314 3425 cum
337 3362 379 3424 de
398 3361 494 3425 tertia
517 3358 633 3444 vigilia
656 3357 809 3422 Petreius
834 3363 934 3442 atque
950 3355 1110 3422 Afranius
1133 3363 1243 3422 castra
1281 3441 1283 3444 y

172 3467 365 3548 movissent,
395 3474 531 3551 repente
561 3488 635 3532 sese
666 3467 708 3530 ad
738 3464 960 3530 novissimum
986 3486 1107 3549 agmen
1131 3470 1243 3530 osten-

171 3575 254 3639 dunt
276 3581 309 3639 et
331 3595 455 3658 magna
474 3573 685 3640 multitudine
705 3571 910 3636 circumfusa
925 3572 1047 3636 morari
1063 3577 1163 3656 atque
1181 3572 1246 3638 iter

170 3679 332 3764 impedire
354 3680 531 3764 incipiunt.

136 3827 145 3867 1
260 3788 379 3854 LXIV.
402 3786 518 3852 Prima
539 3788 613 3852 luce
631 3808 671 3851 ex
694 3784 920 3870 superioribus
936 3784 1028 3865 locis,
1053 3807 1139 3869 quae
1155 3785 1244 3852 Cae-
