2760 4192
246 189 263 240 l
610 192 661 247 DE
681 193 806 250 BELLO
828 193 949 251 CIVILI

246 354 390 420 sulatum
408 354 481 420 iniit
494 355 665 436 Lentulus
683 357 784 421 biduo
801 365 938 442 excepto
962 361 1130 442 comitiali,
1149 369 1181 427 et
1196 364 1236 428 de
1249 363 1316 428 im-

246 463 336 547 perio
361 462 514 528 Caesaris
539 465 636 529 etde
665 464 881 549 amplissimis
913 467 1004 547 viris,
1030 468 1173 534 tribunis
1195 471 1315 554 plebis,

207 590 220 626 :.
246 569 446 653 gravissime
464 570 740 656 acerbissimeque
756 573 953 640 decernitur.
987 576 1182 661 profugiunt
1201 580 1314 646 statim

245 701 284 742 ex
304 679 386 743 urbe
409 677 532 744 tribuni
555 677 661 761 plebis
686 700 824 763 seseque
853 682 896 745 ad
920 686 1097 748 Caesarem
1127 687 1312 754 conserunt.

244 788 273 851 is
296 809 335 852 eo
358 792 506 871 tempore
530 793 601 852 crat
623 785 801 852 Ravennae
820 790 1100 875 exspectabatque
1119 793 1187 858 suis
1208 795 1314 860 levis-

245 893 338 956 simis
361 891 536 976 postulatis
560 913 732 976 responsa,
751 893 779 958 si
799 915 865 977 qua
883 895 1055 960 hominum
1074 897 1239 980 aequitate
1257 922 1314 968 res

244 1000 412 1065 adolium
436 999 556 1065 deduci
580 1006 700 1085 posset.

209 1125 215 1164 ¹
333 1107 389 1172 Vl.
414 1105 577 1171 Proximis
600 1105 718 1170 diebus
742 1106 884 1172 habetur
907 1115 1001 1173 extra
1025 1110 1139 1174 urbem
1164 1117 1310 1180 senatus,

242 1215 422 1300 Pompeius
446 1216 564 1279 eadem
594 1212 662 1293 illa,
696 1234 781 1297 quae
811 1236 869 1297 per
892 1214 1078 1299 Scipionem
1110 1219 1312 1303 ostenderat,

242 1322 325 1406 agit;
349 1327 484 1388 senatus
508 1319 666 1386 virtutem
682 1313 972 1406 'constantiamque
991 1324 1173 1402 collaudat;
1197 1328 1312 1410 copias

204 1446 218 1485 ι’
242 1451 321 1495 suas
341 1429 493 1514 exponit:
511 1427 659 1512 legiones
675 1428 798 1493 habere
822 1449 893 1493 sese
916 1436 1050 1513 paratas
1072 1431 1119 1510 X3
1138 1439 1311 1515 praeterea

242 1539 412 1624 cognitum
425 1543 695 1621 compertumque
710 1536 774 1602 sibi
790 1536 896 1601 alieno
912 1559 986 1603 esse
1005 1538 1114 1604 animo
1130 1541 1164 1604 in
1183 1541 1310 1608 Caesa·

240 1669 309 1711 rem
334 1646 464 1724 milites
488 1666 594 1729 neque
617 1644 657 1708 iis
680 1666 779 1728 posse
797 1646 999 1729 persuaderi,
1023 1647 1070 1711 uti
1094 1670 1167 1712 curn
1191 1651 1309 1715 desen-

140 1785 143 1789 ·
202 1770 215 1807 ³
240 1757 319 1819 (lant
338 1760 395 1819 aut
419 1759 600 1837 sequantur
623 1745 750 1816 saltem.
797 1754 839 1817 de
862 1752 996 1837 reliquis
1016 1755 1115 1818 rebus
1139 1758 1183 1820 ad
1207 1778 1307 1823 sena-

238 1872 308 1927 tum
322 1863 461 1927 refertur
472 1885 479 1926 ε
492 1867 561 1926 tota
573 1859 669 1926 ltalia
685 1859 824 1926 dilectus
838 1862 1040 1939 habeantur;
1053 1863 1195 1928 Faustus
1213 1864 1307 1950 Sylla

238 1993 377 2055 propere
394 1971 429 2034 in
444 1968 686 2034 Mauretaniam
706 1968 873 2046 mittatur;
889 1967 1032 2052 pecunia
1047 1971 1096 2034 uti
1120 1992 1160 2034 ex
1179 1974 1305 2039 aerario

200 2091 213 2128 ⁴
237 2077 395 2161 Pompeio
412 2079 518 2142 detur.
564 2076 704 2141 refertur
728 2075 828 2140 etiam
852 2076 893 2140 de
917 2096 995 2160 rege
1018 2076 1112 2156 Iuba,
1136 2084 1172 2141 ut
1195 2079 1306 2145 socius

237 2184 279 2249 sit
303 2192 401 2268 atque
424 2184 565 2261 amicus;
588 2183 767 2248 Marcellus
796 2182 912 2248 consul
942 2205 1118 2268 passurum
1148 2184 1182 2248 in
1206 2206 1305 2269 prac-

235 2293 342 2357 sentia
364 2298 475 2376 negat.
522 2293 562 2355 de
580 2291 703 2355 Fausto
718 2290 856 2375 impedit
871 2290 1047 2374 Philippus
1063 2290 1214 2355 tribunus
1232 2292 1304 2375 ple-

199 2401 296 2466 5116,
344 2401 386 2464 de
410 2399 545 2483 reliquis
576 2400 676 2462 rebus
700 2404 835 2462 senatus
865 2398 1015 2464 consulta
1039 2397 1299 2482 perscribuntur.

234 2508 425 2593 provinciae
446 2505 586 2591 privatis
611 2506 847 2575 decernuntur,
879 2505 964 2568 duae
989 2505 1198 2583 consulares,
1223 2508 1302 2571 reli-

235 2636 319 2700 quae
338 2614 532 2699 praetoriae.
553 2610 697 2697 Scipioni
722 2611 856 2676 obvenit
875 2611 982 2696 Syria,
1001 2612 1038 2675 L.
1057 2610 1201 2675 Domitio
1219 2612 1301 2678 Gal-

232 2723 286 2786 lia,
334 2721 508 2806 Philippus
531 2726 565 2786 61
586 2720 684 2785 Cotta
714 2718 844 2802 privato
872 2718 1008 2783 consilio
1040 2724 1299 2802 praetereuntur,

196 2852 209 2887 o
233 2852 341 2915 nequo
366 2851 479 2895 eorum
503 2834 608 2894 sortes
640 2827 836 2893 deiciuntur.
883 2828 915 2891 in
939 2826 1083 2909 reliquas
1107 2825 1299 2908 provincias

232 2946 400 3023 praetores
416 2940 606 3015 mittuntur3
626 2958 734 3020 neque
749 2941 952 3019 exspectant,
971 2936 1059 3018 quod
1074 2934 1298 3020 superioribus

232 3045 328 3110 annis
352 3045 529 3125 acciderat,
552 3050 590 3110 ut
612 3047 653 3109 dc
669 3065 782 3109 eorum
798 3042 936 3127 imperio
961 3044 1004 3107 ad
1027 3044 1186 3128 populum
1210 3045 1297 3109 sera-

194 3166 208 3207 1
231 3159 295 3233 1111,
307 3153 522 3237 paludatique
539 3153 626 3218 votis
645 3150 844 3236 nuncupatis
858 3156 990 3216 exeunt.
1026 3153 1189 3231 consules
1209 3156 1295 3237 quod

231 3266 308 3324 ante
323 3261 358 3325 id
373 3267 503 3343 tempus
522 3259 644 3324 accidit
660 3280 852 3342 numquam,
873 3283 914 3325 ex
933 3261 1015 3324 urbe
1033 3259 1296 3343 proficiscuntur,

229 3368 430 3453 lictoresque
462 3369 587 3433 habent
609 3367 643 3432 in
676 3369 758 3432 urbo
789 3374 822 3432 et
845 3366 1007 3450 Capitolio
1036 3367 1158 3450 privati
1182 3375 1296 3434 contra

193 3492 207 3525 ⁸
230 3480 341 3542 omnia
355 3477 532 3542 vetustatis
555 3474 716 3559 exempla.
764 3482 831 3539 tota
847 3473 943 3538 Italia
962 3473 1101 3539 dilectus
1120 3475 1296 3557 habentur,

230 3603 323 3647 arma.
345 3584 566 3667 imperantur3
602 3581 762 3665 pecuniae
791 3602 810 3644 a
840 3581 1030 3666 municipiis
1061 3582 1248 3667 exiguntur,
1278 3608 1296 3650 6

228 3691 315 3757 fanis
338 3693 506 3759 tolluntur.
553 3691 664 3755 omnia
693 3688 807 3753 diuina
829 3689 1043 3774 humanaque
1073 3691 1147 3755 iura
1170 3693 1295 3776 permi-

228 3815 372 3866 scentur.
776 3815 778 3819 ’
