2768 4200
195 208 231 261 44
560 203 610 257 llll
630 202 755 258 BELLO
776 201 898 258 CIVILI

197 368 260 431 hoc
289 366 378 430 idem
410 371 542 448 postero
577 364 630 429 die
661 386 681 429 a
709 365 817 449 prima
839 366 913 431 luce
944 366 1074 433 faciunt
1095 373 1272 455 totumque

196 477 229 540 in
253 495 292 539 ea
310 495 346 538 re
369 473 457 537 diem
482 480 694 539 consumunt.
741 476 800 540 sed
817 482 981 561 quantum
1008 498 1107 560 opere
1130 500 1271 562 proces—

195 588 307 649 serant
331 589 364 647 et
382 588 493 649 castra
510 582 726 665 protulerant,
744 589 836 648 tanto
861 585 1000 650 aberant
1022 586 1066 649 ab
1083 607 1173 670 aqua
1195 587 1268 651 lon-

159 708 171 747 (
196 691 282 776 gius,
306 699 339 756 et
364 689 531 774 praesenti
554 690 642 754 malo
667 691 742 755 aliis
771 690 868 756 malis
890 693 1119 763 medebantur.
1159 692 1272 776 prima

197 808 293 866 nocte
317 799 463 885 aquandi
479 820 582 864 causa
603 820 700 863 nemo
716 800 886 884 egreditur
901 821 942 864 ex
957 800 1093 879 eastris;
1117 801 1272 884 proximo

198 908 252 974 die
269 907 436 992 praesidio
458 907 492 972 in
515 907 635 973 castris
658 907 772 974 relicto
796 907 972 973 universas
997 910 1040 972 ad
1064 930 1183 994 aquam
1209 929 1271 973 co-

159 1030 172 1069 o
196 1014 270 1098 pias
294 1016 450 1095 educunt,
473 1015 670 1098 pabulatum
693 1014 853 1080 emittitur
875 1036 983 1081 nemo.
1030 1015 1083 1080 his
1107 1037 1163 1080 eos
1187 1036 1272 1099 sup·

196 1122 305 1208 pliciis
333 1123 420 1187 male
443 1122 561 1186 haberi
584 1121 709 1187 Caesar
733 1127 766 1186 et
788 1122 1012 1186 necessariam
1037 1121 1150 1187 subire
1173 1122 1270 1186 dedi-

197 1230 320 1296 tionem
343 1251 444 1315 quam
462 1229 586 1313 proelio
603 1230 772 1294 decertare
788 1230 944 1295 malebat.
992 1235 1133 1294 conatur
1156 1235 1270 1294 tamen

198 1358 254 1402 eos
276 1337 365 1402 vallo
389 1338 543 1420 fossaque
567 1334 835 1416 circummunire,
859 1342 1020 1420 utquam
1045 1335 1191 1400 maxime
1214 1356 1271 1399 re-

197 1443 350 1528 pentinas
386 1463 499 1508 eorum
531 1441 721 1525 eruptiones
753 1443 958 1522 demoretur3
993 1463 1058 1526 quo
1081 1441 1274 1506 necessario

160 1566 173 1602 ὕ
198 1553 418 1615 descensuros
446 1547 667 1614 existimabat.
713 1548 763 1612 illi
787 1554 819 1614 et
848 1547 961 1632 inopia
988 1547 1105 1631 pabuli
1133 1547 1272 1613 adducti
1337 1579 1347 1593 ·

197 1663 230 1722 et
253 1678 318 1742 quo
342 1661 454 1721 essent
477 1656 521 1719 ad
539 1653 602 1719 iter
627 1654 856 1757 expeditiores
881 1653 993 1720 omnia
1018 1654 1202 1719 sarcinaria
1216 1655 1274 1719 iu·

198 1770 310 1828 menta
331 1762 472 1828 interfici
494 1761 619 1826 iubent.

163 1883 171 1922 ¹
286 1870 459 1935 LXXXII.
484 1871 524 1935 In
546 1869 600 1933 his
617 1869 773 1954 operibus
791 1868 1005 1954 consiliisque
1023 1868 1163 1934 biduum
1188 1890 1274 1934 cou-

198 1977 355 2056 sumitur3
379 1977 473 2042 tertio
491 1977 544 2041 die
562 1997 686 2061 magna
700 1976 767 2040 iam
784 1997 863 2060 pars
887 1977 997 2060 operis
1021 1975 1175 2042 Caesaris
1190 1996 1272 2059 pro-

198 2089 352 2149 cesserat.
386 2084 435 2148 illi
446 2083 679 2168 impediendae
694 2083 841 2168 reliquae
860 2083 1056 2149 munitionis
1069 2104 1171 2148 causa
1187 2083 1276 2148 hora

197 2190 329 2255 circiter
354 2191 413 2255 IX.
438 2190 534 2275 signo
565 2192 642 2254 dato
666 2189 816 2273 legiones
841 2192 988 2255 educunt
1011 2190 1184 2274 aciemque
1209 2191 1276 2255 sub
1359 2194 1373 2216 ⁵

160 2311 173 2350 ι’
197 2297 315 2361 castris
327 2295 505 2361 instruunt.
539 2297 666 2361 Caesar
677 2298 720 2361 ab
738 2318 837 2380 opere
856 2297 1004 2382 legiones
1019 2302 1165 2377 revocat,
1180 2297 1277 2381 equi-

197 2410 304 2468 tatum
319 2423 449 2467 omnem
463 2403 644 2467 convenire
656 2403 758 2483 iubet,
776 2403 884 2469 aciem
902 2404 1056 2482 instruit;
1071 2411 1187 2469 contra
1199 2403 1274 2488 opi-

198 2509 329 2572 nionem
353 2507 442 2573 enim
466 2507 609 2572 militum
635 2510 827 2594 famamque
858 2511 1008 2576 omnium
1040 2510 1148 2575 videri
1176 2530 1277 2594 proe-

161 2631 174 2670 3
197 2617 279 2681 lium
309 2615 479 2699 defugisse
514 2637 676 2699 magnum
711 2616 949 2682 detrimentum
984 2617 1156 2681 afferebat.
1209 2617 1273 2681 sed
1331 2649 1338 2656 ·

197 2726 304 2788 isdem
328 2723 451 2802 causis,
475 2742 561 2806 quae
591 2728 668 2786 sunt
691 2722 854 2806 cognitae,
885 2744 952 2807 quc
976 2721 1086 2787 minus
1110 2721 1273 2787 dimicare

198 2833 309 2910 vellet,
333 2831 540 2910 movebatur,
564 2836 663 2913 atque
686 2829 750 2893 hoc
781 2829 883 2894 etiam
906 2828 1026 2914 magia,
1060 2830 1149 2913 quod
1172 2828 1273 2913 spatii

197 2939 345 3004 brevitas
368 2937 468 3002 etiam
492 2936 528 3001 in
553 2938 669 3020 fugam
689 2935 849 3002 coniectis
873 2936 1076 3003 adversariis
1092 2958 1159 3001 non
1183 2935 1274 3001 mul-

162 3054 269 3112 ttum
294 3047 338 3109 ad
372 3065 539 3109 summam
572 3042 732 3108 victoriae
760 3042 877 3106 iuvare
900 3047 1039 3126 poterat.
1085 3063 1154 3107 non·
1181 3042 1272 3107 enim

199 3151 342 3235 amplius
364 3153 489 3235 pedum
508 3150 643 3215 milibus
666 3150 797 3213 duobus
822 3149 864 3212 ab
889 3149 1009 3214 castris
1032 3153 1142 3214 castra
1165 3147 1272 3213 dista-

198 3261 289 3322 bant.
335 3257 414 3321 hinc
437 3259 522 3321 duas
551 3262 664 3340 partes
689 3254 778 3319 acies
802 3255 1014 3337 occupabant
1037 3256 1139 3336 duae3
1172 3253 1274 3319 tertia

199 3364 344 3426 vacabat
375 3364 418 3426 ad
452 3361 624 3425 incursum
659 3365 758 3444 atque
785 3357 948 3442 impetum
978 3357 1120 3423 militum
1143 3357 1270 3424 relicta.

163 3488 175 3527 ³
199 3469 227 3534 si
250 3468 411 3554 proelium
437 3467 708 3547 committeretur,
739 3467 970 3551 propinquitas
1005 3473 1191 3531 castrorum
1214 3487 1272 3531 ce-

198 3578 301 3643 lerem
324 3575 489 3661 superatis
505 3597 546 3639 ex
564 3575 646 3659 fuga
668 3581 838 3658 receptum
854 3574 967 3637 dabat.
1013 3573 1078 3637 hac
1102 3575 1143 3638 de
1167 3593 1273 3638 causa

200 3683 416 3749 constituerat
451 3682 548 3766 signa
579 3680 798 3746 inferentibus
832 3680 996 3760 resistere,
1025 3681 1115 3764 prior
1145 3681 1272 3766 proelio

201 3813 267 3855 non
289 3791 462 3855 lacessere.
