2768 4200
195 231 230 286 92
562 226 614 280 DE
632 224 757 280 BELLO
777 223 843 278 CIV
844 223 898 278 lLl

195 391 329 457 navium
347 387 510 474 perterriti
529 395 561 452 et
577 389 647 452 salo
665 407 856 470 nauscaque
872 386 1014 450 consecti
1037 387 1108 452 iure
1127 389 1270 454 iurando

196 506 344 582 accepto,
361 496 444 561 nihil
459 497 501 560 iis
519 494 687 560 nocituros
702 495 825 572 hostes,
842 515 878 556 se
897 491 1040 558 Otacilio
1057 495 1270 575 dediderunt;

196 609 253 694 qui
275 627 391 670 omnes
415 605 458 669 ad
482 625 559 668 eum
582 601 734 686 perducti
759 607 873 666 contra
895 601 1088 686 religionem
1112 603 1193 668 iuris
1215 605 1268 668 iu-

159 740 172 781 5
195 715 291 780 randi
314 714 347 776 in
372 711 442 776 eius
478 716 659 793 conspectu
682 707 912 774 crudelissime
939 708 1188 776 interficiuntur.
1235 720 1270 778 at

194 830 372 887 veteranae
394 817 537 902 legionis
560 817 681 882 milites
700 815 780 881 item
804 815 983 880 conflictati
1007 823 1038 880 et
1062 819 1270 901 tempestatis

195 937 227 994 et
250 928 399 993 sentinae
422 925 515 990 vitiis
537 946 643 1008 neque
668 947 709 988 ex
726 923 865 1007 pristina
887 924 1010 989 virtute
1032 925 1269 991 remittendum

194 1035 320 1120 aliquid
344 1039 544 1118 putaverunt
568 1038 601 1097 et
625 1031 809 1096 tractandis
834 1031 1086 1096 condicionibus
1110 1039 1142 1097 et
1165 1033 1271 1096 simu-

193 1143 314 1208 latione
339 1139 514 1205 deditionis
539 1143 686 1202 extractc
710 1136 817 1220 primo
841 1137 948 1203 noctis
972 1144 1120 1222 tempore
1144 1141 1272 1223 guber-

159 1255 343 1314 enatorem
367 1249 402 1312 in
435 1253 556 1311 terram
582 1265 704 1309 navem
729 1244 835 1309 eicere
859 1251 992 1330 cogunt,
1020 1247 1086 1330 ipsi
1110 1247 1268 1311 idoneum

193 1357 301 1420 locum
321 1354 412 1419 nacti
444 1353 608 1436 reliquam
642 1350 748 1414 noctis
772 1358 902 1433 partem
924 1352 972 1417 ibi
996 1354 1211 1418 confecerunt
1240 1360 1273 1419 et

192 1463 267 1527 luce
287 1462 394 1544 prima
409 1459 521 1524 missis
542 1460 585 1522 ad
608 1479 664 1521 eos
689 1459 731 1522 ab
755 1457 897 1524 Otacilio
921 1459 1097 1542 equitibus,
1113 1461 1169 1544 qui
1195 1482 1270 1526 eam

194 1576 321 1654 partem
341 1589 418 1632 crae
441 1566 628 1630 maritimae
652 1568 883 1644 asservabant,
907 1565 1040 1630 circiter
1059 1567 1173 1632 CCCC
1194 1569 1272 1652 qui-

194 1699 258 1762 que
283 1696 338 1740 eos
358 1674 478 1739 armati
501 1696 542 1738 ex
564 1673 730 1757 praesidio
754 1673 858 1737 secuti
877 1679 964 1752 sunt,
989 1695 1025 1737 se
1050 1674 1271 1740 defenderunt

194 1789 227 1848 ct
250 1782 418 1846 nonnullis
442 1801 555 1844 eorum
590 1779 772 1844 intersectis
795 1779 979 1844 incolumes
1003 1803 1039 1845 se
1072 1781 1116 1843 ad
1140 1788 1272 1846 nostros

194 1896 399 1974 receperunt.

163 2017 172 2058 1
285 1997 412 2060 XXIX.
437 1996 512 2077 Quo
544 1996 632 2059 sacto
663 2001 848 2058 cenventus
880 1994 1005 2059 civium
1031 1996 1273 2074 Romanorum,

196 2103 253 2188 qui
276 2104 408 2168 Lissum
431 2104 637 2181 obtinebant,
663 2103 751 2186 quod
775 2102 934 2186 oppidum
958 2102 999 2167 iis
1024 2110 1122 2167 antea
1145 2102 1273 2167 Caesar

195 2210 390 2276 attribuerat
413 2211 698 2292 muniendumque
722 2216 907 2288 curaverat,
932 2210 1117 2274 Antonium
1144 2211 1272 2292 recepit

195 2317 414 2400 omnibusque
437 2319 537 2382 rebus
570 2317 663 2380 iuvit.
712 2316 876 2381 Otacilius
909 2317 973 2381 sibi
1000 2317 1121 2381 timens
1149 2316 1273 2400 oppido

159 2424 282 2508 afugit
305 2431 338 2487 et
361 2424 405 2486 ad
428 2421 625 2506 Pompeium
649 2423 809 2504 pervenit.
857 2422 1015 2506 expositis
1039 2423 1193 2486 omnibus
1217 2445 1272 2487 co-

194 2531 258 2615 piis
282 2530 457 2608 Antonine,
481 2550 623 2614 quarum
655 2535 726 2593 erat
758 2551 889 2593 summa
912 2536 1147 2595 veteranarum
1171 2531 1270 2596 trium

194 2637 363 2721 legionum
384 2636 548 2720 uniusque
567 2636 711 2700 tironum
731 2643 764 2700 et
780 2637 928 2720 equitum
944 2636 1071 2715 DCCC,
1095 2638 1274 2720 plerasque

196 2764 301 2808 naves
323 2743 359 2806 in
384 2743 515 2807 Italiam
537 2741 673 2806 remittit
697 2743 740 2806 ad
762 2742 907 2826 reliquos
930 2743 1052 2807 milites
1077 2744 1272 2827 equitesque

160 2870 173 2912 a
196 2851 486 2934 transportandos3
503 2856 674 2933 pontones
700 2850 788 2933 quod
812 2855 862 2912 est
885 2869 991 2932 genus
1007 2849 1141 2913 navium
1164 2849 1271 2915 Galli-

197 2977 323 3035 carum,
348 2955 435 3019 Lissi
457 2955 614 3038 relinquit
632 2955 695 3019 hec
720 2954 869 3033 consilia,
893 2961 930 3018 ut
949 2954 977 3018 si
993 2956 1077 3019 forte
1092 2957 1274 3039 Pompeius

197 3081 341 3124 vacuam
354 3060 548 3124 existimans
564 3060 697 3123 ltaliam
716 3081 754 3123 ec
773 3060 958 3125 traiecisset.
977 3060 1168 3141 exercitum,
1186 3084 1274 3146 quae

198 3169 308 3252 opinio
326 3175 397 3232 erat
416 3168 504 3232 edita
517 3168 554 3231 in
572 3169 704 3252 vulgus,
721 3168 868 3252 aliquam
887 3169 1012 3233 Caesar
1030 3170 1073 3233 ad
1089 3170 1272 3254 insequen-

161 3277 279 3340 4dum
310 3275 503 3339 facultatem
534 3275 688 3356 haberet,
719 3277 920 3360 nuntiosque
944 3278 987 3340 ad
1016 3299 1091 3342 eum
1124 3278 1274 3342 celeriter

198 3383 308 3462 mittit,
332 3382 453 3467 quibus
476 3382 670 3466 regionibus
695 3383 876 3448 exercitum
905 3384 1111 3467 exposuisset
1135 3392 1167 3450 et
1192 3386 1273 3469 quid

198 3493 339 3556 militum
362 3491 611 3557 transvenisset.

163 3634 174 3675 1
287 3599 398 3662 XXX.
415 3598 507 3662 Haec
524 3598 641 3661 eodem
657 3598 727 3661 sere
750 3603 898 3681 tempere
914 3597 1040 3663 Caesar
1063 3605 1162 3682 atque
1175 3599 1273 3663 Pom-

198 3704 294 3788 peius
318 3708 533 3788 cognoscunt.
580 3724 659 3767 nam
675 3709 922 3786 praetervectas
946 3704 1158 3788 Apolloniam
1182 3706 1273 3791 Dyr-

198 3811 415 3894 rachiumque
439 3829 544 3873 naves
567 3808 721 3875 viderant
743 3810 818 3893 ipsi,
844 3815 881 3874 ut
904 3811 965 3875 iter
988 3813 1134 3877 seeundo
1159 3822 1272 3880 austro
