<?xml version="1.0" encoding="UTF-8"?>
<!DOCTYPE html PUBLIC "-//W3C//DTD XHTML 1.0 Transitional//EN"
    "http://www.w3.org/TR/xhtml1/DTD/xhtml1-transitional.dtd">
<html xmlns="http://www.w3.org/1999/xhtml" xml:lang="en" lang="en">
 <head>
  <title>
</title>
<meta http-equiv="Content-Type" content="text/html;charset=utf-8" />
  <meta name='ocr-system' content='tesseract 3.04.00' />
  <meta name='ocr-capabilities' content='ocr_page ocr_carea ocr_par ocr_line ocrx_word'/>
</head>
<body>
  <div class='ocr_page' id='page_1' title='image "./ciuliicaesarisc00ramogoog_0124.png"; bbox 0 0 2768 4200; ppageno 0'>
   <div class='ocr_carea' id='block_1_1' title="bbox 183 209 886 271">
    <p class='ocr_par' dir='ltr' id='par_1_1' title="bbox 183 209 886 271">
     <span class='ocr_line' id='line_1_1' title="bbox 183 209 886 271; baseline -0.01 0"><span class='ocrx_word' id='word_1_1' title='bbox 183 215 236 271; x_wconf 81' lang='grc'>108</span> <span class='ocrx_word' id='word_1_2' title='bbox 544 211 596 265; x_wconf 78' lang='lat' dir='ltr'>Dll</span> <span class='ocrx_word' id='word_1_3' title='bbox 616 209 741 266; x_wconf 83' lang='lat' dir='ltr'>BELLO</span> <span class='ocrx_word' id='word_1_4' title='bbox 762 211 886 266; x_wconf 82' lang='lat' dir='ltr'>Cll&#39;lLl</span> 
     </span>
    </p>
   </div>
   <div class='ocr_carea' id='block_1_2' title="bbox 35 370 1252 3956">
    <p class='ocr_par' dir='ltr' id='par_1_2' title="bbox 180 370 1251 676">
     <span class='ocr_line' id='line_1_2' title="bbox 181 370 1251 457; baseline -0.003 -17"><span class='ocrx_word' id='word_1_5' title='bbox 181 376 281 441; x_wconf 89' lang='lat' dir='ltr'>etiam</span> <span class='ocrx_word' id='word_1_6' title='bbox 306 398 346 440; x_wconf 84' lang='lat' dir='ltr'>ex</span> <span class='ocrx_word' id='word_1_7' title='bbox 369 392 493 457; x_wconf 87' lang='lat' dir='ltr'>magna</span> <span class='ocrx_word' id='word_1_8' title='bbox 516 376 611 456; x_wconf 82' lang='lat' dir='ltr'>parte</span> <span class='ocrx_word' id='word_1_9' title='bbox 638 370 837 454; x_wconf 76' lang='lat' dir='ltr'>compellare</span> <span class='ocrx_word' id='word_1_10' title='bbox 872 376 971 455; x_wconf 89' lang='lat' dir='ltr'>atque</span> <span class='ocrx_word' id='word_1_11' title='bbox 1002 379 1168 439; x_wconf 91' lang='lat' dir='ltr'>errantem</span> <span class='ocrx_word' id='word_1_12' title='bbox 1198 395 1251 437; x_wconf 84' lang='lat' dir='ltr'>re-</span> 
     </span>
     <span class='ocr_line' id='line_1_3' title="bbox 181 478 1249 569; baseline -0.005 -20"><span class='ocrx_word' id='word_1_13' title='bbox 181 505 259 569; x_wconf 88' lang='lat' dir='ltr'>gere</span> <span class='ocrx_word' id='word_1_14' title='bbox 282 487 407 567; x_wconf 83' lang='lat' dir='ltr'>posset3</span> <span class='ocrx_word' id='word_1_15' title='bbox 435 500 590 565; x_wconf 88' lang='lat' dir='ltr'>praeesse</span> <span class='ocrx_word' id='word_1_16' title='bbox 620 484 731 543; x_wconf 88' lang='lat' dir='ltr'>autem</span> <span class='ocrx_word' id='word_1_17' title='bbox 761 499 820 542; x_wconf 93' lang='lat' dir='ltr'>suo</span> <span class='ocrx_word' id='word_1_18' title='bbox 849 478 981 544; x_wconf 90' lang='lat' dir='ltr'>nomine</span> <span class='ocrx_word' id='word_1_19' title='bbox 1015 481 1184 558; x_wconf 84' lang='lat' dir='ltr'>exercitui,</span> <span class='ocrx_word' id='word_1_20' title='bbox 1213 486 1249 545; x_wconf 88' lang='lat' dir='ltr'>ut</span> 
     </span>
     <span class='ocr_line' id='line_1_4' title="bbox 180 586 1251 676; baseline -0.004 -20"><span class='ocrx_word' id='word_1_21' title='bbox 180 597 311 676; x_wconf 88' lang='lat' dir='ltr'>praeter</span> <span class='ocrx_word' id='word_1_22' title='bbox 333 587 563 654; x_wconf 87' lang='lat' dir='ltr'>auctoritatem</span> <span class='ocrx_word' id='word_1_23' title='bbox 593 586 682 651; x_wconf 90' lang='lat' dir='ltr'>vires</span> <span class='ocrx_word' id='word_1_24' title='bbox 711 607 843 671; x_wconf 90' lang='lat' dir='ltr'>quoque</span> <span class='ocrx_word' id='word_1_25' title='bbox 875 588 918 651; x_wconf 93' lang='lat' dir='ltr'>ad</span> <span class='ocrx_word' id='word_1_26' title='bbox 941 589 1159 653; x_wconf 86' lang='lat' dir='ltr'>coercendum</span> <span class='ocrx_word' id='word_1_27' title='bbox 1186 589 1251 652; x_wconf 88' lang='lat' dir='ltr'>ha·</span> 
     </span>
    </p>

    <p class='ocr_par' dir='ltr' id='par_1_3' title="bbox 145 691 1251 885">
     <span class='ocr_line' id='line_1_5' title="bbox 145 691 1251 780; baseline -0.002 -18"><span class='ocrx_word' id='word_1_28' title='bbox 145 727 158 768; x_wconf 83' lang='lat'>4</span> <span class='ocrx_word' id='word_1_29' title='bbox 180 699 281 766; x_wconf 85' lang='lat' dir='ltr'>beret.</span> <span class='ocrx_word' id='word_1_30' title='bbox 329 694 418 780; x_wconf 91' lang='lat' dir='ltr'>quod</span> <span class='ocrx_word' id='word_1_31' title='bbox 441 691 470 757; x_wconf 90' lang='lat' dir='ltr'>si</span> <span class='ocrx_word' id='word_1_32' title='bbox 493 692 636 771; x_wconf 81' lang='lat' dir='ltr'>fecisset,</span> <span class='ocrx_word' id='word_1_33' title='bbox 661 692 805 777; x_wconf 87' lang='lat' dir='ltr'>quietem</span> <span class='ocrx_word' id='word_1_34' title='bbox 828 692 956 773; x_wconf 77' lang='lat' dir='ltr'>Italiae,</span> <span class='ocrx_word' id='word_1_35' title='bbox 975 716 1091 780; x_wconf 91' lang='lat' dir='ltr'>pacem</span> <span class='ocrx_word' id='word_1_36' title='bbox 1110 696 1251 780; x_wconf 91' lang='lat' dir='ltr'>provin-</span> 
     </span>
     <span class='ocr_line' id='line_1_6' title="bbox 180 798 1250 885; baseline -0.001 -16"><span class='ocrx_word' id='word_1_37' title='bbox 180 804 318 881; x_wconf 84' lang='lat' dir='ltr'>ciarum,</span> <span class='ocrx_word' id='word_1_38' title='bbox 342 801 485 866; x_wconf 88' lang='lat' dir='ltr'>salutem</span> <span class='ocrx_word' id='word_1_39' title='bbox 509 798 721 884; x_wconf 73' lang='lat' dir='ltr'>imperitant</span> <span class='ocrx_word' id='word_1_40' title='bbox 744 820 860 865; x_wconf 91' lang='lat' dir='ltr'>omnes</span> <span class='ocrx_word' id='word_1_41' title='bbox 879 807 1051 885; x_wconf 73' lang='lat' dir='ltr'>acceptam</span> <span class='ocrx_word' id='word_1_42' title='bbox 1075 802 1250 868; x_wconf 86' lang='lat' dir='ltr'>relaturos.</span> 
     </span>
    </p>

    <p class='ocr_par' dir='ltr' id='par_1_4' title="bbox 143 905 1252 1427">
     <span class='ocr_line' id='line_1_7' title="bbox 143 905 1252 993; baseline -0.005 -14"><span class='ocrx_word' id='word_1_43' title='bbox 143 912 262 981; x_wconf 75' lang='lat' dir='ltr'>shaec</span> <span class='ocrx_word' id='word_1_44' title='bbox 286 911 330 975; x_wconf 89' lang='lat' dir='ltr'>ad</span> <span class='ocrx_word' id='word_1_45' title='bbox 353 930 430 973; x_wconf 92' lang='lat' dir='ltr'>eum</span> <span class='ocrx_word' id='word_1_46' title='bbox 453 908 612 971; x_wconf 89' lang='lat' dir='ltr'>mandata</span> <span class='ocrx_word' id='word_1_47' title='bbox 627 905 763 971; x_wconf 83' lang='lat' dir='ltr'>Clodius</span> <span class='ocrx_word' id='word_1_48' title='bbox 787 906 894 973; x_wconf 87' lang='lat' dir='ltr'>defert</span> <span class='ocrx_word' id='word_1_49' title='bbox 916 929 957 972; x_wconf 90' lang='lat' dir='ltr'>ae</span> <span class='ocrx_word' id='word_1_50' title='bbox 979 908 1096 993; x_wconf 91' lang='lat' dir='ltr'>primis</span> <span class='ocrx_word' id='word_1_51' title='bbox 1119 908 1252 991; x_wconf 74' lang='lat' dir='ltr'>diebus,</span> 
     </span>
     <span class='ocr_line' id='line_1_8' title="bbox 177 1014 1249 1101; baseline -0.002 -17"><span class='ocrx_word' id='word_1_52' title='bbox 177 1027 215 1085; x_wconf 91' lang='lat' dir='ltr'>ut</span> <span class='ocrx_word' id='word_1_53' title='bbox 236 1019 423 1095; x_wconf 78' lang='lat' dir='ltr'>videbatur,</span> <span class='ocrx_word' id='word_1_54' title='bbox 439 1016 580 1080; x_wconf 78' lang='lat' dir='ltr'>libenter</span> <span class='ocrx_word' id='word_1_55' title='bbox 597 1014 732 1078; x_wconf 88' lang='lat' dir='ltr'>auditus</span> <span class='ocrx_word' id='word_1_56' title='bbox 747 1014 884 1098; x_wconf 91' lang='lat' dir='ltr'>reliquis</span> <span class='ocrx_word' id='word_1_57' title='bbox 904 1015 947 1079; x_wconf 91' lang='lat' dir='ltr'>ad</span> <span class='ocrx_word' id='word_1_58' title='bbox 964 1015 1164 1101; x_wconf 88' lang='lat' dir='ltr'>colloquium</span> <span class='ocrx_word' id='word_1_59' title='bbox 1182 1039 1249 1082; x_wconf 93' lang='lat' dir='ltr'>non</span> 
     </span>
     <span class='ocr_line' id='line_1_9' title="bbox 177 1122 1251 1208; baseline -0.004 -14"><span class='ocrx_word' id='word_1_60' title='bbox 177 1128 363 1194; x_wconf 77' lang='lat' dir='ltr'>admittitur</span> <span class='ocrx_word' id='word_1_61' title='bbox 386 1124 549 1208; x_wconf 82' lang='lat' dir='ltr'>castigato</span> <span class='ocrx_word' id='word_1_62' title='bbox 574 1122 726 1206; x_wconf 85' lang='lat' dir='ltr'>Scipione</span> <span class='ocrx_word' id='word_1_63' title='bbox 750 1144 770 1186; x_wconf 92' lang='lat' dir='ltr'>a</span> <span class='ocrx_word' id='word_1_64' title='bbox 793 1123 951 1203; x_wconf 84' lang='lat' dir='ltr'>Favonio,</span> <span class='ocrx_word' id='word_1_65' title='bbox 971 1130 1008 1188; x_wconf 89' lang='lat' dir='ltr'>ut</span> <span class='ocrx_word' id='word_1_66' title='bbox 1029 1131 1144 1208; x_wconf 88' lang='lat' dir='ltr'>postea</span> <span class='ocrx_word' id='word_1_67' title='bbox 1168 1148 1251 1190; x_wconf 90' lang='lat' dir='ltr'>con-</span> 
     </span>
     <span class='ocr_line' id='line_1_10' title="bbox 176 1230 1250 1316; baseline -0.001 -16"><span class='ocrx_word' id='word_1_68' title='bbox 176 1237 264 1302; x_wconf 82' lang='lat' dir='ltr'>fecto</span> <span class='ocrx_word' id='word_1_69' title='bbox 289 1234 373 1301; x_wconf 92' lang='lat' dir='ltr'>bello</span> <span class='ocrx_word' id='word_1_70' title='bbox 388 1232 644 1316; x_wconf 86' lang='lat' dir='ltr'>reperiebamus,</span> <span class='ocrx_word' id='word_1_71' title='bbox 663 1230 853 1314; x_wconf 82' lang='lat' dir='ltr'>infectaque</span> <span class='ocrx_word' id='word_1_72' title='bbox 867 1252 903 1296; x_wconf 88' lang='lat' dir='ltr'>rc</span> <span class='ocrx_word' id='word_1_73' title='bbox 921 1252 993 1296; x_wconf 89' lang='lat' dir='ltr'>sese</span> <span class='ocrx_word' id='word_1_74' title='bbox 1009 1234 1052 1296; x_wconf 90' lang='lat' dir='ltr'>ad</span> <span class='ocrx_word' id='word_1_75' title='bbox 1070 1232 1250 1299; x_wconf 83' lang='lat' dir='ltr'>Caesarem</span> 
     </span>
     <span class='ocr_line' id='line_1_11' title="bbox 176 1343 310 1427; baseline 0 -21"><span class='ocrx_word' id='word_1_76' title='bbox 176 1343 310 1427; x_wconf 87' lang='lat' dir='ltr'>recepit.</span> 
     </span>
    </p>

    <p class='ocr_par' dir='ltr' id='par_1_5' title="bbox 140 1444 1249 1749">
     <span class='ocr_line' id='line_1_12' title="bbox 140 1444 1248 1533; baseline -0.001 -18"><span class='ocrx_word' id='word_1_77' title='bbox 140 1482 151 1523; x_wconf 86' lang='lat'>1</span> <span class='ocrx_word' id='word_1_78' title='bbox 263 1449 383 1514; x_wconf 87' lang='lat' dir='ltr'>LVIII.</span> <span class='ocrx_word' id='word_1_79' title='bbox 415 1448 541 1514; x_wconf 82' lang='lat' dir='ltr'>Caesar</span> <span class='ocrx_word' id='word_1_80' title='bbox 564 1467 628 1530; x_wconf 93' lang='lat' dir='ltr'>quo</span> <span class='ocrx_word' id='word_1_81' title='bbox 645 1444 775 1510; x_wconf 85' lang='lat' dir='ltr'>facilius</span> <span class='ocrx_word' id='word_1_82' title='bbox 799 1446 983 1530; x_wconf 88' lang='lat' dir='ltr'>equitatum</span> <span class='ocrx_word' id='word_1_83' title='bbox 1007 1447 1248 1533; x_wconf 88' lang='lat' dir='ltr'>Pompeianum</span> 
     </span>
     <span class='ocr_line' id='line_1_13' title="bbox 175 1553 1249 1642; baseline -0.001 -20"><span class='ocrx_word' id='word_1_84' title='bbox 175 1560 219 1622; x_wconf 90' lang='lat' dir='ltr'>ad</span> <span class='ocrx_word' id='word_1_85' title='bbox 232 1555 458 1642; x_wconf 72' lang='lat' dir='ltr'>Dyrrachium</span> <span class='ocrx_word' id='word_1_86' title='bbox 473 1554 654 1619; x_wconf 87' lang='lat' dir='ltr'>contineret</span> <span class='ocrx_word' id='word_1_87' title='bbox 669 1559 701 1618; x_wconf 92' lang='lat' dir='ltr'>ct</span> <span class='ocrx_word' id='word_1_88' title='bbox 723 1553 935 1636; x_wconf 87' lang='lat' dir='ltr'>pabulatione</span> <span class='ocrx_word' id='word_1_89' title='bbox 955 1555 1155 1639; x_wconf 86' lang='lat' dir='ltr'>prohiberet,</span> <span class='ocrx_word' id='word_1_90' title='bbox 1174 1557 1249 1621; x_wconf 92' lang='lat' dir='ltr'>adi-</span> 
     </span>
     <span class='ocr_line' id='line_1_14' title="bbox 174 1663 1249 1749; baseline 0.001 -20"><span class='ocrx_word' id='word_1_91' title='bbox 174 1671 228 1729; x_wconf 89' lang='lat' dir='ltr'>tus</span> <span class='ocrx_word' id='word_1_92' title='bbox 252 1665 344 1742; x_wconf 72' lang='lat' dir='ltr'>duos⁷</span> <span class='ocrx_word' id='word_1_93' title='bbox 370 1683 453 1746; x_wconf 94' lang='lat' dir='ltr'>quos</span> <span class='ocrx_word' id='word_1_94' title='bbox 481 1683 555 1726; x_wconf 91' lang='lat' dir='ltr'>esse</span> <span class='ocrx_word' id='word_1_95' title='bbox 586 1668 746 1745; x_wconf 90' lang='lat' dir='ltr'>angustos</span> <span class='ocrx_word' id='word_1_96' title='bbox 778 1663 1091 1744; x_wconf 86' lang='lat' dir='ltr'>demonstravimus,</span> <span class='ocrx_word' id='word_1_97' title='bbox 1115 1666 1249 1749; x_wconf 82' lang='lat' dir='ltr'>magnis</span> 
     </span>
    </p>

    <p class='ocr_par' dir='ltr' id='par_1_6' title="bbox 138 1767 1249 2054">
     <span class='ocr_line' id='line_1_15' title="bbox 138 1767 1249 1855; baseline 0 -19"><span class='ocrx_word' id='word_1_98' title='bbox 138 1804 151 1844; x_wconf 70' lang='grc' dir='ltr'>ρ</span> <span class='ocrx_word' id='word_1_99' title='bbox 175 1772 331 1855; x_wconf 90' lang='lat' dir='ltr'>operibus</span> <span class='ocrx_word' id='word_1_100' title='bbox 354 1768 574 1854; x_wconf 81' lang='lat' dir='ltr'>praemunivit</span> <span class='ocrx_word' id='word_1_101' title='bbox 594 1768 796 1852; x_wconf 88' lang='lat' dir='ltr'>castellaque</span> <span class='ocrx_word' id='word_1_102' title='bbox 812 1767 865 1831; x_wconf 90' lang='lat' dir='ltr'>his</span> <span class='ocrx_word' id='word_1_103' title='bbox 880 1768 963 1832; x_wconf 90' lang='lat' dir='ltr'>locis</span> <span class='ocrx_word' id='word_1_104' title='bbox 979 1770 1098 1852; x_wconf 89' lang='lat' dir='ltr'>posuit.</span> <span class='ocrx_word' id='word_1_105' title='bbox 1144 1771 1249 1837; x_wconf 87' lang='lat' dir='ltr'>Pom-</span> 
     </span>
     <span class='ocr_line' id='line_1_16' title="bbox 174 1877 1247 1964; baseline 0.001 -19"><span class='ocrx_word' id='word_1_106' title='bbox 174 1880 268 1964; x_wconf 92' lang='lat' dir='ltr'>peius</span> <span class='ocrx_word' id='word_1_107' title='bbox 291 1880 349 1945; x_wconf 88' lang='lat' dir='ltr'>ubi</span> <span class='ocrx_word' id='word_1_108' title='bbox 377 1879 461 1944; x_wconf 89' lang='lat' dir='ltr'>nihil</span> <span class='ocrx_word' id='word_1_109' title='bbox 483 1877 599 1962; x_wconf 89' lang='lat' dir='ltr'>profici</span> <span class='ocrx_word' id='word_1_110' title='bbox 622 1878 771 1962; x_wconf 88' lang='lat' dir='ltr'>equitatu</span> <span class='ocrx_word' id='word_1_111' title='bbox 802 1877 969 1960; x_wconf 85' lang='lat' dir='ltr'>cognovit,</span> <span class='ocrx_word' id='word_1_112' title='bbox 994 1879 1111 1962; x_wconf 88' lang='lat' dir='ltr'>paucis</span> <span class='ocrx_word' id='word_1_113' title='bbox 1142 1881 1247 1946; x_wconf 88' lang='lat' dir='ltr'>inter-</span> 
     </span>
     <span class='ocr_line' id='line_1_17' title="bbox 175 1985 1248 2054; baseline 0.002 -2"><span class='ocrx_word' id='word_1_114' title='bbox 175 1989 287 2053; x_wconf 88' lang='lat' dir='ltr'>missis</span> <span class='ocrx_word' id='word_1_115' title='bbox 311 1988 431 2054; x_wconf 91' lang='lat' dir='ltr'>diebus</span> <span class='ocrx_word' id='word_1_116' title='bbox 453 2007 583 2051; x_wconf 89' lang='lat' dir='ltr'>rursum</span> <span class='ocrx_word' id='word_1_117' title='bbox 600 2007 678 2051; x_wconf 90' lang='lat' dir='ltr'>eum</span> <span class='ocrx_word' id='word_1_118' title='bbox 697 1985 841 2050; x_wconf 87' lang='lat' dir='ltr'>navibus</span> <span class='ocrx_word' id='word_1_119' title='bbox 859 1986 953 2049; x_wconf 87' lang='lat' dir='ltr'>adse</span> <span class='ocrx_word' id='word_1_120' title='bbox 976 1985 1065 2051; x_wconf 87' lang='lat' dir='ltr'>intra</span> <span class='ocrx_word' id='word_1_121' title='bbox 1087 1988 1248 2054; x_wconf 91' lang='lat' dir='ltr'>munitio-</span> 
     </span>
    </p>

    <p class='ocr_par' dir='ltr' id='par_1_7' title="bbox 138 2092 1249 2393">
     <span class='ocr_line' id='line_1_18' title="bbox 138 2092 1249 2178; baseline 0.002 -20"><span class='ocrx_word' id='word_1_122' title='bbox 138 2117 235 2166; x_wconf 80' lang='lat' dir='ltr'>3nes</span> <span class='ocrx_word' id='word_1_123' title='bbox 265 2095 393 2178; x_wconf 86' lang='lat' dir='ltr'>recipit.</span> <span class='ocrx_word' id='word_1_124' title='bbox 440 2099 511 2158; x_wconf 90' lang='lat' dir='ltr'>crat</span> <span class='ocrx_word' id='word_1_125' title='bbox 539 2114 671 2157; x_wconf 89' lang='lat' dir='ltr'>summa</span> <span class='ocrx_word' id='word_1_126' title='bbox 702 2093 813 2176; x_wconf 90' lang='lat' dir='ltr'>inopia</span> <span class='ocrx_word' id='word_1_127' title='bbox 836 2092 975 2177; x_wconf 66' lang='lat' dir='ltr'>pabuli·</span> <span class='ocrx_word' id='word_1_128' title='bbox 991 2095 1074 2158; x_wconf 91' lang='lat' dir='ltr'>adeo</span> <span class='ocrx_word' id='word_1_129' title='bbox 1098 2101 1136 2159; x_wconf 88' lang='lat' dir='ltr'>ut</span> <span class='ocrx_word' id='word_1_130' title='bbox 1158 2095 1249 2160; x_wconf 81' lang='lat' dir='ltr'>soliis</span> 
     </span>
     <span class='ocr_line' id='line_1_19' title="bbox 174 2181 1248 2268; baseline 0.001 -1"><span class='ocrx_word' id='word_1_131' title='bbox 174 2181 214 2268; x_wconf 78' lang='lat' dir='ltr'>ex</span> <span class='ocrx_word' id='word_1_132' title='bbox 239 2202 415 2267; x_wconf 89' lang='lat' dir='ltr'>arboribus</span> <span class='ocrx_word' id='word_1_133' title='bbox 447 2200 570 2265; x_wconf 87' lang='lat' dir='ltr'>strictis</span> <span class='ocrx_word' id='word_1_134' title='bbox 593 2206 626 2264; x_wconf 91' lang='lat' dir='ltr'>et</span> <span class='ocrx_word' id='word_1_135' title='bbox 662 2201 784 2265; x_wconf 87' lang='lat' dir='ltr'>teneris</span> <span class='ocrx_word' id='word_1_136' title='bbox 811 2200 1039 2265; x_wconf 89' lang='lat' dir='ltr'>harundinum</span> <span class='ocrx_word' id='word_1_137' title='bbox 1073 2202 1248 2268; x_wconf 88' lang='lat' dir='ltr'>radicibus</span> 
     </span>
     <span class='ocr_line' id='line_1_20' title="bbox 174 2307 1245 2393; baseline 0.001 -20"><span class='ocrx_word' id='word_1_138' title='bbox 174 2309 321 2374; x_wconf 88' lang='lat' dir='ltr'>contusis</span> <span class='ocrx_word' id='word_1_139' title='bbox 337 2329 440 2392; x_wconf 91' lang='lat' dir='ltr'>equos</span> <span class='ocrx_word' id='word_1_140' title='bbox 456 2307 591 2372; x_wconf 89' lang='lat' dir='ltr'>alerent.</span> <span class='ocrx_word' id='word_1_141' title='bbox 637 2307 801 2371; x_wconf 87' lang='lat' dir='ltr'>frumenta</span> <span class='ocrx_word' id='word_1_142' title='bbox 816 2307 915 2386; x_wconf 78' lang='lat' dir='ltr'>enim,</span> <span class='ocrx_word' id='word_1_143' title='bbox 939 2330 1026 2393; x_wconf 91' lang='lat' dir='ltr'>quae</span> <span class='ocrx_word' id='word_1_144' title='bbox 1045 2308 1178 2374; x_wconf 87' lang='lat' dir='ltr'>fuerant</span> <span class='ocrx_word' id='word_1_145' title='bbox 1193 2310 1245 2374; x_wconf 93' lang='lat' dir='ltr'>in-</span> 
     </span>
    </p>

    <p class='ocr_par' dir='ltr' id='par_1_8' title="bbox 128 2407 1247 2820">
     <span class='ocr_line' id='line_1_21' title="bbox 128 2407 1246 2502; baseline -0.002 -18"><span class='ocrx_word' id='word_1_146' title='bbox 128 2407 150 2485; x_wconf 65' lang='grc'>1</span> <span class='ocrx_word' id='word_1_147' title='bbox 174 2421 225 2481; x_wconf 87' lang='lat' dir='ltr'>tra</span> <span class='ocrx_word' id='word_1_148' title='bbox 249 2415 447 2480; x_wconf 90' lang='lat' dir='ltr'>munitiones</span> <span class='ocrx_word' id='word_1_149' title='bbox 464 2420 547 2494; x_wconf 86' lang='lat' dir='ltr'>sata,</span> <span class='ocrx_word' id='word_1_150' title='bbox 565 2420 857 2497; x_wconf 79' lang='lat' dir='ltr'>consumpserant3</span> <span class='ocrx_word' id='word_1_151' title='bbox 874 2416 1080 2498; x_wconf 83' lang='lat' dir='ltr'>cogebantur</span> <span class='ocrx_word' id='word_1_152' title='bbox 1095 2415 1246 2502; x_wconf 80' lang='lat' dir='ltr'>Corcyra</span> 
     </span>
     <span class='ocr_line' id='line_1_22' title="bbox 174 2519 1245 2608; baseline 0.002 -22"><span class='ocrx_word' id='word_1_153' title='bbox 174 2528 273 2606; x_wconf 88' lang='lat' dir='ltr'>atque</span> <span class='ocrx_word' id='word_1_154' title='bbox 291 2522 482 2586; x_wconf 86' lang='lat' dir='ltr'>Acarnania</span> <span class='ocrx_word' id='word_1_155' title='bbox 497 2520 595 2604; x_wconf 82' lang='lat' dir='ltr'>longo</span> <span class='ocrx_word' id='word_1_156' title='bbox 614 2520 786 2585; x_wconf 88' lang='lat' dir='ltr'>interiecto</span> <span class='ocrx_word' id='word_1_157' title='bbox 811 2519 1034 2604; x_wconf 85' lang='lat' dir='ltr'>navigationis</span> <span class='ocrx_word' id='word_1_158' title='bbox 1058 2521 1165 2606; x_wconf 89' lang='lat' dir='ltr'>spatio</span> <span class='ocrx_word' id='word_1_159' title='bbox 1184 2545 1245 2608; x_wconf 90' lang='lat' dir='ltr'>pa-</span> 
     </span>
     <span class='ocr_line' id='line_1_23' title="bbox 173 2627 1247 2715; baseline 0.002 -21"><span class='ocrx_word' id='word_1_160' title='bbox 173 2630 288 2694; x_wconf 94' lang='lat' dir='ltr'>bulum</span> <span class='ocrx_word' id='word_1_161' title='bbox 324 2637 530 2715; x_wconf 85' lang='lat' dir='ltr'>supportare,</span> <span class='ocrx_word' id='word_1_162' title='bbox 560 2649 691 2712; x_wconf 91' lang='lat' dir='ltr'>quoque</span> <span class='ocrx_word' id='word_1_163' title='bbox 723 2633 793 2692; x_wconf 91' lang='lat' dir='ltr'>erat</span> <span class='ocrx_word' id='word_1_164' title='bbox 823 2629 894 2692; x_wconf 91' lang='lat' dir='ltr'>eius</span> <span class='ocrx_word' id='word_1_165' title='bbox 923 2627 969 2692; x_wconf 89' lang='lat' dir='ltr'>rei</span> <span class='ocrx_word' id='word_1_166' title='bbox 1002 2629 1109 2693; x_wconf 91' lang='lat' dir='ltr'>minor</span> <span class='ocrx_word' id='word_1_167' title='bbox 1138 2632 1247 2715; x_wconf 80' lang='lat' dir='ltr'>copia,</span> 
     </span>
     <span class='ocr_line' id='line_1_24' title="bbox 171 2735 1243 2820; baseline 0.004 -19"><span class='ocrx_word' id='word_1_168' title='bbox 171 2737 295 2802; x_wconf 91' lang='lat' dir='ltr'>hordeo</span> <span class='ocrx_word' id='word_1_169' title='bbox 315 2739 481 2820; x_wconf 85' lang='lat' dir='ltr'>adaugere</span> <span class='ocrx_word' id='word_1_170' title='bbox 498 2742 597 2820; x_wconf 88' lang='lat' dir='ltr'>atque</span> <span class='ocrx_word' id='word_1_171' title='bbox 617 2736 671 2799; x_wconf 90' lang='lat' dir='ltr'>his</span> <span class='ocrx_word' id='word_1_172' title='bbox 689 2735 872 2800; x_wconf 88' lang='lat' dir='ltr'>rationibus</span> <span class='ocrx_word' id='word_1_173' title='bbox 888 2736 1073 2820; x_wconf 88' lang='lat' dir='ltr'>equitatum</span> <span class='ocrx_word' id='word_1_174' title='bbox 1092 2740 1243 2812; x_wconf 83' lang='lat' dir='ltr'>tolerare,</span> 
     </span>
    </p>

    <p class='ocr_par' dir='ltr' id='par_1_9' title="bbox 138 2843 1246 3250">
     <span class='ocr_line' id='line_1_25' title="bbox 138 2843 1246 2929; baseline 0.003 -18"><span class='ocrx_word' id='word_1_175' title='bbox 138 2870 150 2911; x_wconf 77' lang='grc'>0</span> <span class='ocrx_word' id='word_1_176' title='bbox 173 2846 230 2908; x_wconf 92' lang='lat' dir='ltr'>sed</span> <span class='ocrx_word' id='word_1_177' title='bbox 254 2851 430 2928; x_wconf 90' lang='lat' dir='ltr'>postquam</span> <span class='ocrx_word' id='word_1_178' title='bbox 454 2865 519 2908; x_wconf 94' lang='lat' dir='ltr'>non</span> <span class='ocrx_word' id='word_1_179' title='bbox 544 2845 642 2908; x_wconf 92' lang='lat' dir='ltr'>modo</span> <span class='ocrx_word' id='word_1_180' title='bbox 658 2843 821 2907; x_wconf 89' lang='lat' dir='ltr'>hordeum</span> <span class='ocrx_word' id='word_1_181' title='bbox 838 2844 1065 2929; x_wconf 88' lang='lat' dir='ltr'>pabulumque</span> <span class='ocrx_word' id='word_1_182' title='bbox 1089 2849 1246 2914; x_wconf 87' lang='lat' dir='ltr'>omnibus</span> 
     </span>
     <span class='ocr_line' id='line_1_26' title="bbox 172 2950 1246 3037; baseline 0.006 -22"><span class='ocrx_word' id='word_1_183' title='bbox 172 2952 254 3017; x_wconf 90' lang='lat' dir='ltr'>locis</span> <span class='ocrx_word' id='word_1_184' title='bbox 272 2952 461 3037; x_wconf 91' lang='lat' dir='ltr'>herbaeque</span> <span class='ocrx_word' id='word_1_185' title='bbox 478 2953 641 3030; x_wconf 80' lang='lat' dir='ltr'>desectae,</span> <span class='ocrx_word' id='word_1_186' title='bbox 661 2952 720 3016; x_wconf 90' lang='lat' dir='ltr'>sed</span> <span class='ocrx_word' id='word_1_187' title='bbox 738 2950 838 3016; x_wconf 90' lang='lat' dir='ltr'>etiam</span> <span class='ocrx_word' id='word_1_188' title='bbox 864 2952 997 3016; x_wconf 89' lang='lat' dir='ltr'>frondes</span> <span class='ocrx_word' id='word_1_189' title='bbox 1013 2975 1053 3016; x_wconf 84' lang='lat' dir='ltr'>ex</span> <span class='ocrx_word' id='word_1_190' title='bbox 1069 2955 1246 3021; x_wconf 87' lang='lat' dir='ltr'>arboribus</span> 
     </span>
     <span class='ocr_line' id='line_1_27' title="bbox 173 3058 1243 3147; baseline 0.006 -24"><span class='ocrx_word' id='word_1_191' title='bbox 173 3058 380 3137; x_wconf 75' lang='lat' dir='ltr'>deficiebant,</span> <span class='ocrx_word' id='word_1_192' title='bbox 396 3058 560 3142; x_wconf 90' lang='lat' dir='ltr'>corruptis</span> <span class='ocrx_word' id='word_1_193' title='bbox 580 3059 674 3142; x_wconf 89' lang='lat' dir='ltr'>equis</span> <span class='ocrx_word' id='word_1_194' title='bbox 694 3058 799 3123; x_wconf 91' lang='lat' dir='ltr'>macie</span> <span class='ocrx_word' id='word_1_195' title='bbox 816 3059 1005 3124; x_wconf 90' lang='lat' dir='ltr'>conandum</span> <span class='ocrx_word' id='word_1_196' title='bbox 1028 3060 1093 3126; x_wconf 88' lang='lat' dir='ltr'>sibi</span> <span class='ocrx_word' id='word_1_197' title='bbox 1116 3062 1243 3147; x_wconf 84' lang='lat' dir='ltr'>aliquid</span> 
     </span>
     <span class='ocr_line' id='line_1_28' title="bbox 171 3165 848 3250; baseline 0.004 -20"><span class='ocrx_word' id='word_1_198' title='bbox 171 3165 351 3250; x_wconf 88' lang='lat' dir='ltr'>Pompeius</span> <span class='ocrx_word' id='word_1_199' title='bbox 375 3167 415 3229; x_wconf 90' lang='lat' dir='ltr'>de</span> <span class='ocrx_word' id='word_1_200' title='bbox 439 3165 611 3250; x_wconf 89' lang='lat' dir='ltr'>eruptione</span> <span class='ocrx_word' id='word_1_201' title='bbox 635 3165 848 3233; x_wconf 86' lang='lat' dir='ltr'>existimavit.</span> 
     </span>
    </p>

    <p class='ocr_par' dir='ltr' id='par_1_10' title="bbox 136 3271 1244 3676">
     <span class='ocr_line' id='line_1_29' title="bbox 136 3271 1244 3358; baseline 0.006 -22"><span class='ocrx_word' id='word_1_202' title='bbox 136 3296 147 3336; x_wconf 92' lang='lat'>1</span> <span class='ocrx_word' id='word_1_203' title='bbox 261 3271 347 3336; x_wconf 86' lang='lat' dir='ltr'>LIX.</span> <span class='ocrx_word' id='word_1_204' title='bbox 383 3272 487 3336; x_wconf 82' lang='lat' dir='ltr'>Erant</span> <span class='ocrx_word' id='word_1_205' title='bbox 519 3273 608 3355; x_wconf 89' lang='lat' dir='ltr'>apud</span> <span class='ocrx_word' id='word_1_206' title='bbox 638 3271 817 3337; x_wconf 85' lang='lat' dir='ltr'>Caesarem</span> <span class='ocrx_word' id='word_1_207' title='bbox 848 3297 888 3338; x_wconf 86' lang='lat' dir='ltr'>ex</span> <span class='ocrx_word' id='word_1_208' title='bbox 923 3274 1071 3358; x_wconf 87' lang='lat' dir='ltr'>equitum</span> <span class='ocrx_word' id='word_1_209' title='bbox 1102 3297 1244 3343; x_wconf 90' lang='lat' dir='ltr'>numero</span> 
     </span>
     <span class='ocr_line' id='line_1_30' title="bbox 170 3376 1244 3464; baseline 0.007 -23"><span class='ocrx_word' id='word_1_210' title='bbox 170 3377 369 3462; x_wconf 83' lang='lat' dir='ltr'>Allobroges</span> <span class='ocrx_word' id='word_1_211' title='bbox 392 3378 426 3442; x_wconf 93' lang='grc' dir='ltr'>ΙΙ</span> <span class='ocrx_word' id='word_1_212' title='bbox 448 3378 580 3456; x_wconf 76' lang='lat' dir='ltr'>fratres,</span> <span class='ocrx_word' id='word_1_213' title='bbox 604 3376 772 3442; x_wconf 87' lang='lat' dir='ltr'>Roucillus</span> <span class='ocrx_word' id='word_1_214' title='bbox 796 3385 828 3443; x_wconf 88' lang='lat' dir='ltr'>et</span> <span class='ocrx_word' id='word_1_215' title='bbox 851 3381 955 3464; x_wconf 83' lang='lat' dir='ltr'>Egus,</span> <span class='ocrx_word' id='word_1_216' title='bbox 980 3382 1148 3447; x_wconf 87' lang='lat' dir='ltr'>Adbucilli</span> <span class='ocrx_word' id='word_1_217' title='bbox 1173 3384 1244 3459; x_wconf 83' lang='lat' dir='ltr'>filii,</span> 
     </span>
     <span class='ocr_line' id='line_1_31' title="bbox 171 3484 1243 3570; baseline 0.007 -21"><span class='ocrx_word' id='word_1_218' title='bbox 171 3486 228 3569; x_wconf 91' lang='lat' dir='ltr'>qui</span> <span class='ocrx_word' id='word_1_219' title='bbox 249 3485 473 3570; x_wconf 89' lang='lat' dir='ltr'>principatum</span> <span class='ocrx_word' id='word_1_220' title='bbox 489 3485 524 3548; x_wconf 95' lang='lat' dir='ltr'>in</span> <span class='ocrx_word' id='word_1_221' title='bbox 544 3484 676 3548; x_wconf 87' lang='lat' dir='ltr'>civitate</span> <span class='ocrx_word' id='word_1_222' title='bbox 699 3485 812 3549; x_wconf 86' lang='lat' dir='ltr'>multis</span> <span class='ocrx_word' id='word_1_223' title='bbox 832 3486 929 3550; x_wconf 89' lang='lat' dir='ltr'>annis</span> <span class='ocrx_word' id='word_1_224' title='bbox 951 3488 1147 3570; x_wconf 88' lang='lat' dir='ltr'>obtinuerat,</span> <span class='ocrx_word' id='word_1_225' title='bbox 1172 3492 1243 3557; x_wconf 91' lang='lat' dir='ltr'>sin-</span> 
     </span>
     <span class='ocr_line' id='line_1_32' title="bbox 170 3590 1243 3676; baseline 0.007 -19"><span class='ocrx_word' id='word_1_226' title='bbox 170 3592 280 3676; x_wconf 82' lang='lat' dir='ltr'>gulari</span> <span class='ocrx_word' id='word_1_227' title='bbox 302 3592 423 3657; x_wconf 87' lang='lat' dir='ltr'>virtute</span> <span class='ocrx_word' id='word_1_228' title='bbox 446 3590 607 3669; x_wconf 78' lang='lat' dir='ltr'>homines,</span> <span class='ocrx_word' id='word_1_229' title='bbox 635 3613 776 3674; x_wconf 93' lang='lat' dir='ltr'>quorum</span> <span class='ocrx_word' id='word_1_230' title='bbox 800 3613 901 3675; x_wconf 88' lang='lat' dir='ltr'>opera</span> <span class='ocrx_word' id='word_1_231' title='bbox 926 3592 1051 3658; x_wconf 87' lang='lat' dir='ltr'>Caesar</span> <span class='ocrx_word' id='word_1_232' title='bbox 1086 3598 1243 3664; x_wconf 87' lang='lat' dir='ltr'>omnibus</span> 
     </span>
    </p>

    <p class='ocr_par' dir='ltr' id='par_1_11' title="bbox 135 3698 1242 3783">
     <span class='ocr_line' id='line_1_33' title="bbox 135 3698 1242 3783; baseline 0.006 -19"><span class='ocrx_word' id='word_1_233' title='bbox 135 3722 149 3764; x_wconf 80' lang='lat'>2</span> <span class='ocrx_word' id='word_1_234' title='bbox 172 3699 311 3765; x_wconf 89' lang='lat' dir='ltr'>Gallicis</span> <span class='ocrx_word' id='word_1_235' title='bbox 326 3699 422 3764; x_wconf 90' lang='lat' dir='ltr'>bellis</span> <span class='ocrx_word' id='word_1_236' title='bbox 443 3699 567 3783; x_wconf 91' lang='lat' dir='ltr'>optima</span> <span class='ocrx_word' id='word_1_237' title='bbox 586 3698 833 3783; x_wconf 81' lang='lat' dir='ltr'>fortissimaque</span> <span class='ocrx_word' id='word_1_238' title='bbox 853 3706 923 3764; x_wconf 91' lang='lat' dir='ltr'>erat</span> <span class='ocrx_word' id='word_1_239' title='bbox 938 3720 1027 3764; x_wconf 80' lang='lat' dir='ltr'>usus,</span> <span class='ocrx_word' id='word_1_240' title='bbox 1073 3702 1126 3765; x_wconf 93' lang='lat' dir='ltr'>his</span> <span class='ocrx_word' id='word_1_241' title='bbox 1149 3705 1242 3770; x_wconf 91' lang='lat' dir='ltr'>domi</span> 
     </span>
    </p>

    <p class='ocr_par' dir='ltr' id='par_1_12' title="bbox 35 3805 1243 3956">
     <span class='ocr_line' id='line_1_34' title="bbox 35 3805 1243 3956; baseline 0.007 -86"><span class='ocrx_word' id='word_1_242' title='bbox 35 3850 118 3956; x_wconf 57' lang='grc' dir='ltr'>ι</span> <span class='ocrx_word' id='word_1_243' title='bbox 171 3808 213 3871; x_wconf 93' lang='lat' dir='ltr'>ob</span> <span class='ocrx_word' id='word_1_244' title='bbox 237 3806 300 3870; x_wconf 92' lang='lat' dir='ltr'>has</span> <span class='ocrx_word' id='word_1_245' title='bbox 325 3827 445 3872; x_wconf 89' lang='lat' dir='ltr'>causas</span> <span class='ocrx_word' id='word_1_246' title='bbox 468 3805 691 3890; x_wconf 90' lang='lat' dir='ltr'>amplissimos</span> <span class='ocrx_word' id='word_1_247' title='bbox 714 3806 930 3892; x_wconf 86' lang='lat' dir='ltr'>magistratus</span> <span class='ocrx_word' id='word_1_248' title='bbox 947 3808 1164 3875; x_wconf 82' lang='lat' dir='ltr'>mandaverat</span> <span class='ocrx_word' id='word_1_249' title='bbox 1188 3820 1243 3879; x_wconf 85' lang='lat' dir='ltr'>at-</span> 
     </span>
    </p>
   </div>
   <div class='ocr_carea' id='block_1_3' title="bbox 0 0 1388 4200">
    <p class='ocr_par' dir='ltr' id='par_1_13' title="bbox 0 0 1388 4200">
     <span class='ocr_line' id='line_1_35' title="bbox 0 0 1388 4200; baseline 0 3"><span class='ocrx_word' id='word_1_250' title='bbox 0 0 1388 4200; x_wconf 95' lang='lat' dir='ltr'> </span> 
     </span>
    </p>
   </div>
  </div>
 </body>
</html>
