<?xml version="1.0" encoding="UTF-8"?>
<!DOCTYPE html PUBLIC "-//W3C//DTD XHTML 1.0 Transitional//EN"
    "http://www.w3.org/TR/xhtml1/DTD/xhtml1-transitional.dtd">
<html xmlns="http://www.w3.org/1999/xhtml" xml:lang="en" lang="en">
 <head>
  <title>
</title>
<meta http-equiv="Content-Type" content="text/html;charset=utf-8" />
  <meta name='ocr-system' content='tesseract 3.04.00' />
  <meta name='ocr-capabilities' content='ocr_page ocr_carea ocr_par ocr_line ocrx_word'/>
</head>
<body>
  <div class='ocr_page' id='page_1' title='image "./ciuliicaesarisc00ramogoog_0045.png"; bbox 0 0 2768 4200; ppageno 0'>
   <div class='ocr_carea' id='block_1_1' title="bbox 414 239 1214 298">
    <p class='ocr_par' dir='ltr' id='par_1_1' title="bbox 414 239 1214 298">
     <span class='ocr_line' id='line_1_1' title="bbox 414 239 1214 298; baseline -0.001 -1"><span class='ocrx_word' id='word_1_1' title='bbox 414 239 535 298; x_wconf 89' lang='lat' dir='ltr'>COMM.</span> <span class='ocrx_word' id='word_1_2' title='bbox 554 242 577 296; x_wconf 91' lang='lat' dir='ltr'>I.</span> <span class='ocrx_word' id='word_1_3' title='bbox 597 241 681 297; x_wconf 87' lang='lat' dir='ltr'><strong>CAP.</strong></span> <span class='ocrx_word' id='word_1_4' title='bbox 701 240 932 296; x_wconf 83' lang='lat' dir='ltr'><strong>XLVIII-LII.</strong></span> <span class='ocrx_word' id='word_1_5' title='bbox 1178 241 1214 296; x_wconf 80' lang='lat'>29</span> 
     </span>
    </p>
   </div>
   <div class='ocr_carea' id='block_1_2' title="bbox 129 402 1292 3918">
    <p class='ocr_par' dir='ltr' id='par_1_2' title="bbox 136 402 1292 1005">
     <span class='ocr_line' id='line_1_2' title="bbox 137 402 1268 488; baseline 0.001 -17"><span class='ocrx_word' id='word_1_6' title='bbox 137 413 189 472; x_wconf 88' lang='lat' dir='ltr'>tes</span> <span class='ocrx_word' id='word_1_7' title='bbox 213 404 481 470; x_wconf 88' lang='lat' dir='ltr'>adversariorum</span> <span class='ocrx_word' id='word_1_8' title='bbox 504 403 618 486; x_wconf 89' lang='lat' dir='ltr'>perfici</span> <span class='ocrx_word' id='word_1_9' title='bbox 641 402 863 488; x_wconf 87' lang='lat' dir='ltr'>patiebantur.</span> <span class='ocrx_word' id='word_1_10' title='bbox 911 405 1000 486; x_wconf 92' lang='lat' dir='ltr'>quod</span> <span class='ocrx_word' id='word_1_11' title='bbox 1015 403 1082 468; x_wconf 91' lang='lat' dir='ltr'>illis</span> <span class='ocrx_word' id='word_1_12' title='bbox 1099 405 1212 488; x_wconf 91' lang='lat' dir='ltr'>prohi-</span> <span class='ocrx_word' id='word_1_13' title='bbox 1250 423 1268 473; x_wconf 70' lang='lat'>2</span> 
     </span>
     <span class='ocr_line' id='line_1_3' title="bbox 139 510 1213 597; baseline -0.001 -19"><span class='ocrx_word' id='word_1_14' title='bbox 139 516 218 578; x_wconf 83' lang='lat' dir='ltr'>bere</span> <span class='ocrx_word' id='word_1_15' title='bbox 241 517 312 578; x_wconf 90' lang='lat' dir='ltr'>erat</span> <span class='ocrx_word' id='word_1_16' title='bbox 335 511 434 576; x_wconf 78' lang='lat' dir='ltr'>facile</span> <span class='ocrx_word' id='word_1_17' title='bbox 452 531 529 575; x_wconf 91' lang='lat' dir='ltr'>cum</span> <span class='ocrx_word' id='word_1_18' title='bbox 553 510 659 594; x_wconf 88' lang='lat' dir='ltr'>ipsius</span> <span class='ocrx_word' id='word_1_19' title='bbox 675 510 822 575; x_wconf 86' lang='lat' dir='ltr'>fluminis</span> <span class='ocrx_word' id='word_1_20' title='bbox 845 515 966 575; x_wconf 88' lang='lat' dir='ltr'>natura</span> <span class='ocrx_word' id='word_1_21' title='bbox 989 517 1089 596; x_wconf 87' lang='lat' dir='ltr'>atque</span> <span class='ocrx_word' id='word_1_22' title='bbox 1105 533 1213 597; x_wconf 89' lang='lat' dir='ltr'>aquae</span> 
     </span>
     <span class='ocr_line' id='line_1_4' title="bbox 138 617 1212 704; baseline 0.002 -20"><span class='ocrx_word' id='word_1_23' title='bbox 138 618 381 704; x_wconf 78' lang='lat' dir='ltr'>magnitudine,</span> <span class='ocrx_word' id='word_1_24' title='bbox 405 624 477 682; x_wconf 90' lang='lat' dir='ltr'>tum</span> <span class='ocrx_word' id='word_1_25' title='bbox 511 619 601 702; x_wconf 93' lang='lat' dir='ltr'>quod</span> <span class='ocrx_word' id='word_1_26' title='bbox 630 640 671 681; x_wconf 84' lang='lat' dir='ltr'>ex</span> <span class='ocrx_word' id='word_1_27' title='bbox 702 617 780 683; x_wconf 89' lang='lat' dir='ltr'>totis</span> <span class='ocrx_word' id='word_1_28' title='bbox 807 617 891 701; x_wconf 83' lang='lat' dir='ltr'>ripis</span> <span class='ocrx_word' id='word_1_29' title='bbox 920 618 956 682; x_wconf 92' lang='lat' dir='ltr'>in</span> <span class='ocrx_word' id='word_1_30' title='bbox 984 641 1088 685; x_wconf 92' lang='lat' dir='ltr'>unum</span> <span class='ocrx_word' id='word_1_31' title='bbox 1112 626 1212 704; x_wconf 89' lang='lat' dir='ltr'>atque</span> 
     </span>
     <span class='ocr_line' id='line_1_5' title="bbox 136 725 1292 812; baseline 0.002 -22"><span class='ocrx_word' id='word_1_32' title='bbox 136 732 318 812; x_wconf 84' lang='lat' dir='ltr'>angustum</span> <span class='ocrx_word' id='word_1_33' title='bbox 350 726 461 790; x_wconf 90' lang='lat' dir='ltr'>locum</span> <span class='ocrx_word' id='word_1_34' title='bbox 490 725 557 790; x_wconf 87' lang='lat' dir='ltr'>teta</span> <span class='ocrx_word' id='word_1_35' title='bbox 588 725 812 802; x_wconf 88' lang='lat' dir='ltr'>iaciebantur;</span> <span class='ocrx_word' id='word_1_36' title='bbox 842 731 942 810; x_wconf 90' lang='lat' dir='ltr'>atque</span> <span class='ocrx_word' id='word_1_37' title='bbox 974 731 1046 791; x_wconf 89' lang='lat' dir='ltr'>erat</span> <span class='ocrx_word' id='word_1_38' title='bbox 1077 726 1211 792; x_wconf 89' lang='lat' dir='ltr'>difficile</span> <span class='ocrx_word' id='word_1_39' title='bbox 1248 742 1262 781; x_wconf 74' lang='lat'>3</span> <span class='ocrx_word' id='word_1_40' title='bbox 1289 745 1292 751; x_wconf 83' lang='lat'><strong>·</strong></span> 
     </span>
     <span class='ocr_line' id='line_1_6' title="bbox 136 831 1213 917; baseline 0.001 -19"><span class='ocrx_word' id='word_1_41' title='bbox 136 836 254 898; x_wconf 87' lang='lat' dir='ltr'>codem</span> <span class='ocrx_word' id='word_1_42' title='bbox 289 839 439 917; x_wconf 90' lang='lat' dir='ltr'>tompore</span> <span class='ocrx_word' id='word_1_43' title='bbox 473 831 685 915; x_wconf 87' lang='lat' dir='ltr'>rapidissimo</span> <span class='ocrx_word' id='word_1_44' title='bbox 717 831 853 896; x_wconf 85' lang='lat' dir='ltr'>flumine</span> <span class='ocrx_word' id='word_1_45' title='bbox 877 853 978 916; x_wconf 91' lang='lat' dir='ltr'>opera</span> <span class='ocrx_word' id='word_1_46' title='bbox 1001 833 1156 916; x_wconf 89' lang='lat' dir='ltr'>perficere</span> <span class='ocrx_word' id='word_1_47' title='bbox 1179 843 1213 899; x_wconf 92' lang='lat' dir='ltr'>et</span> 
     </span>
     <span class='ocr_line' id='line_1_7' title="bbox 137 940 345 1005; baseline -0.005 -1"><span class='ocrx_word' id='word_1_48' title='bbox 137 941 205 1005; x_wconf 84' lang='lat' dir='ltr'>tela</span> <span class='ocrx_word' id='word_1_49' title='bbox 227 940 345 1004; x_wconf 86' lang='lat' dir='ltr'>vitare.</span> 
     </span>
    </p>

    <p class='ocr_par' dir='ltr' id='par_1_3' title="bbox 129 1045 1278 3593">
     <span class='ocr_line' id='line_1_8' title="bbox 227 1045 1258 1132; baseline 0.004 -20"><span class='ocrx_word' id='word_1_50' title='bbox 227 1047 281 1115; x_wconf 88' lang='lat' dir='ltr'>LI.</span> <span class='ocrx_word' id='word_1_51' title='bbox 307 1046 487 1112; x_wconf 82' lang='lat' dir='ltr'>Nuntiatur</span> <span class='ocrx_word' id='word_1_52' title='bbox 509 1045 648 1112; x_wconf 78' lang='lat' dir='ltr'>Afranio</span> <span class='ocrx_word' id='word_1_53' title='bbox 668 1065 808 1129; x_wconf 86' lang='lat' dir='ltr'>magnos</span> <span class='ocrx_word' id='word_1_54' title='bbox 832 1052 1050 1126; x_wconf 87' lang='lat' dir='ltr'>commeatus,</span> <span class='ocrx_word' id='word_1_55' title='bbox 1074 1047 1133 1132; x_wconf 89' lang='lat' dir='ltr'>qui</span> <span class='ocrx_word' id='word_1_56' title='bbox 1148 1048 1211 1116; x_wconf 90' lang='lat' dir='ltr'>iter</span> <span class='ocrx_word' id='word_1_57' title='bbox 1249 1064 1258 1104; x_wconf 91' lang='lat'><em>1</em></span> 
     </span>
     <span class='ocr_line' id='line_1_9' title="bbox 138 1152 1208 1232; baseline 0.003 -14"><span class='ocrx_word' id='word_1_58' title='bbox 138 1155 285 1219; x_wconf 87' lang='lat' dir='ltr'>habeant</span> <span class='ocrx_word' id='word_1_59' title='bbox 308 1156 351 1218; x_wconf 92' lang='lat' dir='ltr'>ad</span> <span class='ocrx_word' id='word_1_60' title='bbox 375 1154 565 1232; x_wconf 86' lang='lat' dir='ltr'>Caesarem,</span> <span class='ocrx_word' id='word_1_61' title='bbox 590 1154 633 1217; x_wconf 87' lang='lat' dir='ltr'>ad</span> <span class='ocrx_word' id='word_1_62' title='bbox 655 1154 778 1217; x_wconf 87' lang='lat' dir='ltr'>flumen</span> <span class='ocrx_word' id='word_1_63' title='bbox 802 1152 1000 1218; x_wconf 83' lang='lat' dir='ltr'>constitisse.</span> <span class='ocrx_word' id='word_1_64' title='bbox 1049 1163 1208 1221; x_wconf 89' lang='lat' dir='ltr'>venerant</span> 
     </span>
     <span class='ocr_line' id='line_1_10' title="bbox 136 1257 1209 1345; baseline 0.002 -20"><span class='ocrx_word' id='word_1_65' title='bbox 136 1283 177 1325; x_wconf 84' lang='lat' dir='ltr'>eo</span> <span class='ocrx_word' id='word_1_66' title='bbox 201 1260 365 1345; x_wconf 86' lang='lat' dir='ltr'>sagittarii</span> <span class='ocrx_word' id='word_1_67' title='bbox 387 1282 428 1325; x_wconf 85' lang='lat' dir='ltr'>ex</span> <span class='ocrx_word' id='word_1_68' title='bbox 449 1257 598 1340; x_wconf 62' lang='lat' dir='ltr'>linteum,</span> <span class='ocrx_word' id='word_1_69' title='bbox 631 1259 759 1345; x_wconf 85' lang='lat' dir='ltr'>equites</span> <span class='ocrx_word' id='word_1_70' title='bbox 783 1282 824 1324; x_wconf 82' lang='lat' dir='ltr'>ex</span> <span class='ocrx_word' id='word_1_71' title='bbox 848 1259 960 1326; x_wconf 86' lang='lat' dir='ltr'>Gallia</span> <span class='ocrx_word' id='word_1_72' title='bbox 988 1283 1065 1326; x_wconf 90' lang='lat' dir='ltr'>curn</span> <span class='ocrx_word' id='word_1_73' title='bbox 1095 1262 1209 1327; x_wconf 85' lang='lat' dir='ltr'>multis</span> 
     </span>
     <span class='ocr_line' id='line_1_11' title="bbox 136 1366 1278 1453; baseline 0.001 -21"><span class='ocrx_word' id='word_1_74' title='bbox 136 1369 240 1433; x_wconf 87' lang='lat' dir='ltr'>carris</span> <span class='ocrx_word' id='word_1_75' title='bbox 263 1369 462 1453; x_wconf 83' lang='lat' dir='ltr'>magnisque</span> <span class='ocrx_word' id='word_1_76' title='bbox 484 1367 742 1452; x_wconf 64' lang='lat' dir='ltr'>impedimentis</span> <span class='ocrx_word' id='word_1_77' title='bbox 767 1374 804 1433; x_wconf 93' lang='lat' dir='ltr'>ut</span> <span class='ocrx_word' id='word_1_78' title='bbox 826 1368 890 1432; x_wconf 82' lang='lat' dir='ltr'>fert</span> <span class='ocrx_word' id='word_1_79' title='bbox 914 1366 1044 1433; x_wconf 86' lang='lat' dir='ltr'>Gallica</span> <span class='ocrx_word' id='word_1_80' title='bbox 1067 1390 1209 1433; x_wconf 91' lang='lat' dir='ltr'>eonsue-</span> <span class='ocrx_word' id='word_1_81' title='bbox 1274 1430 1278 1440; x_wconf 89' lang='grc'><em>,</em></span> 
     </span>
     <span class='ocr_line' id='line_1_12' title="bbox 136 1476 1259 1562; baseline -0.001 -20"><span class='ocrx_word' id='word_1_82' title='bbox 136 1480 226 1543; x_wconf 92' lang='lat' dir='ltr'>tudo.</span> <span class='ocrx_word' id='word_1_83' title='bbox 274 1483 368 1542; x_wconf 90' lang='lat' dir='ltr'>erant</span> <span class='ocrx_word' id='word_1_84' title='bbox 390 1483 562 1562; x_wconf 90' lang='lat' dir='ltr'>praeterea</span> <span class='ocrx_word' id='word_1_85' title='bbox 585 1477 746 1561; x_wconf 89' lang='lat' dir='ltr'>cuiusque</span> <span class='ocrx_word' id='word_1_86' title='bbox 765 1477 898 1560; x_wconf 87' lang='lat' dir='ltr'>generis</span> <span class='ocrx_word' id='word_1_87' title='bbox 920 1476 1093 1541; x_wconf 89' lang='lat' dir='ltr'>hominum</span> <span class='ocrx_word' id='word_1_88' title='bbox 1118 1476 1209 1542; x_wconf 91' lang='lat' dir='ltr'>milia</span> <span class='ocrx_word' id='word_1_89' title='bbox 1246 1491 1259 1531; x_wconf 74' lang='lat'>‘2</span> 
     </span>
     <span class='ocr_line' id='line_1_13' title="bbox 136 1582 1209 1667; baseline 0 -18"><span class='ocrx_word' id='word_1_90' title='bbox 136 1584 268 1650; x_wconf 83' lang='lat' dir='ltr'>circiter</span> <span class='ocrx_word' id='word_1_91' title='bbox 286 1585 333 1649; x_wconf 89' lang='lat' dir='ltr'>VI</span> <span class='ocrx_word' id='word_1_92' title='bbox 356 1605 433 1648; x_wconf 83' lang='lat' dir='ltr'>cunr</span> <span class='ocrx_word' id='word_1_93' title='bbox 456 1584 563 1648; x_wconf 87' lang='lat' dir='ltr'>servis</span> <span class='ocrx_word' id='word_1_94' title='bbox 585 1583 767 1667; x_wconf 89' lang='lat' dir='ltr'>liberisque</span> <span class='ocrx_word' id='word_1_95' title='bbox 781 1606 789 1661; x_wconf 92' lang='lat'>;</span> <span class='ocrx_word' id='word_1_96' title='bbox 805 1583 865 1647; x_wconf 88' lang='lat' dir='ltr'>sed</span> <span class='ocrx_word' id='word_1_97' title='bbox 884 1582 996 1648; x_wconf 86' lang='lat' dir='ltr'>nullus</span> <span class='ocrx_word' id='word_1_98' title='bbox 1019 1586 1112 1663; x_wconf 89' lang='lat' dir='ltr'>ordo,</span> <span class='ocrx_word' id='word_1_99' title='bbox 1136 1586 1209 1649; x_wconf 92' lang='lat' dir='ltr'>nul·</span> 
     </span>
     <span class='ocr_line' id='line_1_14' title="bbox 129 1689 1208 1775; baseline -0.001 -20"><span class='ocrx_word' id='word_1_100' title='bbox 129 1692 203 1771; x_wconf 10' lang='lat' dir='ltr'>&#39;lum</span> <span class='ocrx_word' id='word_1_101' title='bbox 228 1691 406 1775; x_wconf 91' lang='lat' dir='ltr'>imperium</span> <span class='ocrx_word' id='word_1_102' title='bbox 430 1696 569 1770; x_wconf 88' lang='lat' dir='ltr'>certum,</span> <span class='ocrx_word' id='word_1_103' title='bbox 601 1710 678 1753; x_wconf 91' lang='lat' dir='ltr'>cnm</span> <span class='ocrx_word' id='word_1_104' title='bbox 707 1711 767 1753; x_wconf 87' lang='lat' dir='ltr'>suo</span> <span class='ocrx_word' id='word_1_105' title='bbox 797 1690 938 1773; x_wconf 89' lang='lat' dir='ltr'>quisque</span> <span class='ocrx_word' id='word_1_106' title='bbox 967 1689 1105 1754; x_wconf 89' lang='lat' dir='ltr'>consilio</span> <span class='ocrx_word' id='word_1_107' title='bbox 1135 1697 1208 1755; x_wconf 91' lang='lat' dir='ltr'>ute-</span> 
     </span>
     <span class='ocr_line' id='line_1_15' title="bbox 135 1795 1208 1885; baseline -0.004 -21"><span class='ocrx_word' id='word_1_108' title='bbox 135 1807 225 1865; x_wconf 90' lang='lat' dir='ltr'>retur</span> <span class='ocrx_word' id='word_1_109' title='bbox 248 1805 348 1885; x_wconf 90' lang='lat' dir='ltr'>atque</span> <span class='ocrx_word' id='word_1_110' title='bbox 371 1819 487 1862; x_wconf 86' lang='lat' dir='ltr'>omnes</span> <span class='ocrx_word' id='word_1_111' title='bbox 510 1797 582 1862; x_wconf 90' lang='lat' dir='ltr'>sine</span> <span class='ocrx_word' id='word_1_112' title='bbox 597 1797 714 1863; x_wconf 91' lang='lat' dir='ltr'>timore</span> <span class='ocrx_word' id='word_1_113' title='bbox 730 1797 792 1861; x_wconf 92' lang='lat' dir='ltr'>iter</span> <span class='ocrx_word' id='word_1_114' title='bbox 810 1797 959 1860; x_wconf 83' lang='lat' dir='ltr'>iacerent</span> <span class='ocrx_word' id='word_1_115' title='bbox 981 1795 1035 1860; x_wconf 90' lang='lat' dir='ltr'>usi</span> <span class='ocrx_word' id='word_1_116' title='bbox 1058 1797 1208 1879; x_wconf 89' lang='lat' dir='ltr'>superio-</span> 
     </span>
     <span class='ocr_line' id='line_1_16' title="bbox 135 1901 1258 1992; baseline -0.008 -19"><span class='ocrx_word' id='word_1_117' title='bbox 135 1931 210 1973; x_wconf 88' lang='lat' dir='ltr'>rum</span> <span class='ocrx_word' id='word_1_118' title='bbox 240 1913 427 1990; x_wconf 90' lang='lat' dir='ltr'>temporum</span> <span class='ocrx_word' id='word_1_119' title='bbox 464 1905 592 1992; x_wconf 89' lang='lat' dir='ltr'>[atque]</span> <span class='ocrx_word' id='word_1_120' title='bbox 620 1903 777 1970; x_wconf 90' lang='lat' dir='ltr'>itinerum</span> <span class='ocrx_word' id='word_1_121' title='bbox 807 1901 952 1967; x_wconf 88' lang='lat' dir='ltr'>licentia.</span> <span class='ocrx_word' id='word_1_122' title='bbox 999 1909 1095 1967; x_wconf 90' lang='lat' dir='ltr'>erant</span> <span class='ocrx_word' id='word_1_123' title='bbox 1116 1924 1208 1968; x_wconf 89' lang='lat' dir='ltr'>com·</span> <span class='ocrx_word' id='word_1_124' title='bbox 1244 1923 1258 1964; x_wconf 84' lang='lat'><strong>3</strong></span> 
     </span>
     <span class='ocr_line' id='line_1_17' title="bbox 136 2009 1208 2099; baseline -0.004 -20"><span class='ocrx_word' id='word_1_125' title='bbox 136 2016 248 2099; x_wconf 87' lang='lat' dir='ltr'>plures</span> <span class='ocrx_word' id='word_1_126' title='bbox 272 2012 401 2078; x_wconf 88' lang='lat' dir='ltr'>honesti</span> <span class='ocrx_word' id='word_1_127' title='bbox 432 2013 673 2096; x_wconf 66' lang='lat' dir='ltr'>adulescentes</span> <span class='ocrx_word' id='word_1_128' title='bbox 707 2017 898 2075; x_wconf 90' lang='lat' dir='ltr'>senatorum</span> <span class='ocrx_word' id='word_1_129' title='bbox 932 2009 990 2074; x_wconf 89' lang='lat' dir='ltr'>filii</span> <span class='ocrx_word' id='word_1_130' title='bbox 1023 2016 1056 2075; x_wconf 94' lang='lat' dir='ltr'>et</span> <span class='ocrx_word' id='word_1_131' title='bbox 1084 2011 1208 2076; x_wconf 89' lang='lat' dir='ltr'>ordinis</span> 
     </span>
     <span class='ocr_line' id='line_1_18' title="bbox 135 2117 1207 2204; baseline -0.002 -19"><span class='ocrx_word' id='word_1_132' title='bbox 135 2119 315 2204; x_wconf 87' lang='lat' dir='ltr'>equestris;</span> <span class='ocrx_word' id='word_1_133' title='bbox 340 2125 434 2182; x_wconf 90' lang='lat' dir='ltr'>erant</span> <span class='ocrx_word' id='word_1_134' title='bbox 455 2117 638 2203; x_wconf 86' lang='lat' dir='ltr'>legationes</span> <span class='ocrx_word' id='word_1_135' title='bbox 662 2118 854 2196; x_wconf 81' lang='lat' dir='ltr'>civitatum3</span> <span class='ocrx_word' id='word_1_136' title='bbox 879 2123 973 2182; x_wconf 90' lang='lat' dir='ltr'>erant</span> <span class='ocrx_word' id='word_1_137' title='bbox 995 2117 1098 2202; x_wconf 89' lang='lat' dir='ltr'>legati</span> <span class='ocrx_word' id='word_1_138' title='bbox 1120 2119 1207 2185; x_wconf 84' lang='lat' dir='ltr'>Cae-</span> 
     </span>
     <span class='ocr_line' id='line_1_19' title="bbox 136 2223 1256 2310; baseline -0.002 -21"><span class='ocrx_word' id='word_1_139' title='bbox 136 2226 233 2291; x_wconf 75' lang='lat' dir='ltr'>saris</span> <span class='ocrx_word' id='word_1_140' title='bbox 279 2225 342 2289; x_wconf 92' lang='lat' dir='ltr'>hos</span> <span class='ocrx_word' id='word_1_141' title='bbox 364 2245 480 2290; x_wconf 87' lang='lat' dir='ltr'>omnes</span> <span class='ocrx_word' id='word_1_142' title='bbox 503 2224 641 2288; x_wconf 83' lang='lat' dir='ltr'>flumina</span> <span class='ocrx_word' id='word_1_143' title='bbox 668 2223 890 2289; x_wconf 90' lang='lat' dir='ltr'>continebant.</span> <span class='ocrx_word' id='word_1_144' title='bbox 939 2225 983 2289; x_wconf 91' lang='lat' dir='ltr'>ad</span> <span class='ocrx_word' id='word_1_145' title='bbox 1013 2225 1076 2290; x_wconf 91' lang='lat' dir='ltr'>hos</span> <span class='ocrx_word' id='word_1_146' title='bbox 1099 2225 1207 2310; x_wconf 92' lang='lat' dir='ltr'>oppri-</span> <span class='ocrx_word' id='word_1_147' title='bbox 1244 2248 1256 2287; x_wconf 82' lang='lat'><strong>4</strong></span> 
     </span>
     <span class='ocr_line' id='line_1_20' title="bbox 137 2332 1207 2417; baseline -0.001 -18"><span class='ocrx_word' id='word_1_148' title='bbox 137 2336 276 2399; x_wconf 88' lang='lat' dir='ltr'>mendos</span> <span class='ocrx_word' id='word_1_149' title='bbox 299 2354 377 2397; x_wconf 93' lang='lat' dir='ltr'>cum</span> <span class='ocrx_word' id='word_1_150' title='bbox 401 2332 490 2397; x_wconf 90' lang='lat' dir='ltr'>omni</span> <span class='ocrx_word' id='word_1_151' title='bbox 520 2332 670 2417; x_wconf 91' lang='lat' dir='ltr'>equitatu</span> <span class='ocrx_word' id='word_1_152' title='bbox 698 2332 870 2416; x_wconf 87' lang='lat' dir='ltr'>tribusque</span> <span class='ocrx_word' id='word_1_153' title='bbox 893 2332 1207 2417; x_wconf 70' lang='lat' dir='ltr'>legionibusdira-</span> 
     </span>
     <span class='ocr_line' id='line_1_21' title="bbox 137 2438 1206 2526; baseline 0.002 -22"><span class='ocrx_word' id='word_1_154' title='bbox 137 2441 213 2505; x_wconf 88' lang='lat' dir='ltr'>nius</span> <span class='ocrx_word' id='word_1_155' title='bbox 231 2441 273 2506; x_wconf 93' lang='lat' dir='ltr'>de</span> <span class='ocrx_word' id='word_1_156' title='bbox 296 2445 393 2504; x_wconf 86' lang='lat' dir='ltr'>nocte</span> <span class='ocrx_word' id='word_1_157' title='bbox 420 2439 653 2523; x_wconf 86' lang='lat' dir='ltr'>proficiscitur·</span> <span class='ocrx_word' id='word_1_158' title='bbox 669 2438 965 2526; x_wconf 87' lang='lat' dir='ltr'>imprudentesque</span> <span class='ocrx_word' id='word_1_159' title='bbox 994 2447 1070 2506; x_wconf 88' lang='lat' dir='ltr'>ante</span> <span class='ocrx_word' id='word_1_160' title='bbox 1093 2441 1206 2506; x_wconf 88' lang='lat' dir='ltr'>missis</span> 
     </span>
     <span class='ocr_line' id='line_1_22' title="bbox 133 2537 1206 2634; baseline 0 -21"><span class='ocrx_word' id='word_1_161' title='bbox 133 2548 303 2633; x_wconf 89' lang='lat' dir='ltr'>equitibus</span> <span class='ocrx_word' id='word_1_162' title='bbox 326 2547 530 2632; x_wconf 89' lang='lat' dir='ltr'>aggreditur.</span> <span class='ocrx_word' id='word_1_163' title='bbox 577 2548 728 2613; x_wconf 89' lang='lat' dir='ltr'>celeriter</span> <span class='ocrx_word' id='word_1_164' title='bbox 740 2569 815 2612; x_wconf 85' lang='lat' dir='ltr'>sese</span> <span class='ocrx_word' id='word_1_165' title='bbox 830 2537 942 2612; x_wconf 87' lang='lat' dir='ltr'>tamen</span> <span class='ocrx_word' id='word_1_166' title='bbox 966 2547 1055 2614; x_wconf 85' lang='lat' dir='ltr'>Galli</span> <span class='ocrx_word' id='word_1_167' title='bbox 1078 2548 1206 2634; x_wconf 88' lang='lat' dir='ltr'>equites</span> 
     </span>
     <span class='ocr_line' id='line_1_23' title="bbox 133 2654 1252 2740; baseline -0.001 -20"><span class='ocrx_word' id='word_1_168' title='bbox 133 2655 317 2739; x_wconf 88' lang='lat' dir='ltr'>expediunt</span> <span class='ocrx_word' id='word_1_169' title='bbox 339 2654 569 2740; x_wconf 88' lang='lat' dir='ltr'>proeliumque</span> <span class='ocrx_word' id='word_1_170' title='bbox 584 2655 805 2727; x_wconf 80' lang='lat' dir='ltr'>committunt.</span> <span class='ocrx_word' id='word_1_171' title='bbox 852 2655 886 2735; x_wconf 85' lang='lat' dir='ltr'>ii,</span> <span class='ocrx_word' id='word_1_172' title='bbox 906 2657 986 2720; x_wconf 91' lang='lat' dir='ltr'>dum</span> <span class='ocrx_word' id='word_1_173' title='bbox 1009 2655 1082 2740; x_wconf 93' lang='lat' dir='ltr'>pari</span> <span class='ocrx_word' id='word_1_174' title='bbox 1097 2661 1205 2719; x_wconf 85' lang='lat' dir='ltr'>certa-</span> <span class='ocrx_word' id='word_1_175' title='bbox 1243 2674 1252 2711; x_wconf 71' lang='lat' dir='ltr'>r</span> 
     </span>
     <span class='ocr_line' id='line_1_24' title="bbox 135 2761 1206 2847; baseline 0.002 -21"><span class='ocrx_word' id='word_1_176' title='bbox 135 2762 223 2828; x_wconf 91' lang='lat' dir='ltr'>mine</span> <span class='ocrx_word' id='word_1_177' title='bbox 246 2784 300 2827; x_wconf 90' lang='lat' dir='ltr'>res</span> <span class='ocrx_word' id='word_1_178' title='bbox 324 2762 395 2844; x_wconf 85' lang='lat' dir='ltr'>geri</span> <span class='ocrx_word' id='word_1_179' title='bbox 417 2761 533 2847; x_wconf 89' lang='lat' dir='ltr'>potuit,</span> <span class='ocrx_word' id='word_1_180' title='bbox 552 2783 715 2847; x_wconf 89' lang='lat' dir='ltr'>magnum</span> <span class='ocrx_word' id='word_1_181' title='bbox 738 2763 885 2828; x_wconf 87' lang='lat' dir='ltr'>hostium</span> <span class='ocrx_word' id='word_1_182' title='bbox 908 2784 1083 2828; x_wconf 91' lang='lat' dir='ltr'>numerum</span> <span class='ocrx_word' id='word_1_183' title='bbox 1107 2763 1206 2847; x_wconf 83' lang='lat' dir='ltr'>pauci</span> 
     </span>
     <span class='ocr_line' id='line_1_25' title="bbox 129 2869 1205 2958; baseline 0.004 -27"><span class='ocrx_word' id='word_1_184' title='bbox 129 2869 341 2949; x_wconf 86' lang='lat' dir='ltr'>sustinuere;</span> <span class='ocrx_word' id='word_1_185' title='bbox 365 2871 425 2934; x_wconf 92' lang='lat' dir='ltr'>sed</span> <span class='ocrx_word' id='word_1_186' title='bbox 447 2869 506 2934; x_wconf 92' lang='lat' dir='ltr'>ubi</span> <span class='ocrx_word' id='word_1_187' title='bbox 529 2870 628 2958; x_wconf 81' lang='lat' dir='ltr'>signa</span> <span class='ocrx_word' id='word_1_188' title='bbox 650 2870 819 2954; x_wconf 89' lang='lat' dir='ltr'>legionum</span> <span class='ocrx_word' id='word_1_189' title='bbox 842 2869 1108 2953; x_wconf 91' lang='lat' dir='ltr'>appropinquare</span> <span class='ocrx_word' id='word_1_190' title='bbox 1127 2890 1205 2935; x_wconf 89' lang='lat' dir='ltr'>coe-</span> 
     </span>
     <span class='ocr_line' id='line_1_26' title="bbox 135 2976 1204 3061; baseline 0.003 -22"><span class='ocrx_word' id='word_1_191' title='bbox 135 2983 263 3058; x_wconf 80' lang='lat' dir='ltr'>perunt,</span> <span class='ocrx_word' id='word_1_192' title='bbox 286 2977 404 3060; x_wconf 83' lang='lat' dir='ltr'>paucis</span> <span class='ocrx_word' id='word_1_193' title='bbox 428 2977 563 3041; x_wconf 87' lang='lat' dir='ltr'>amissis</span> <span class='ocrx_word' id='word_1_194' title='bbox 590 2999 664 3041; x_wconf 90' lang='lat' dir='ltr'>sese</span> <span class='ocrx_word' id='word_1_195' title='bbox 686 2978 723 3040; x_wconf 92' lang='lat' dir='ltr'>in·</span> <span class='ocrx_word' id='word_1_196' title='bbox 743 2976 912 3061; x_wconf 85' lang='lat' dir='ltr'>proximos</span> <span class='ocrx_word' id='word_1_197' title='bbox 936 2983 1066 3042; x_wconf 91' lang='lat' dir='ltr'>montes</span> <span class='ocrx_word' id='word_1_198' title='bbox 1090 2978 1204 3042; x_wconf 86' lang='lat' dir='ltr'>conse-</span> 
     </span>
     <span class='ocr_line' id='line_1_27' title="bbox 134 3083 1255 3167; baseline 0.004 -21"><span class='ocrx_word' id='word_1_199' title='bbox 134 3087 220 3146; x_wconf 84' lang='lat' dir='ltr'>runt.</span> <span class='ocrx_word' id='word_1_200' title='bbox 266 3083 330 3147; x_wconf 92' lang='lat' dir='ltr'>hoc</span> <span class='ocrx_word' id='word_1_201' title='bbox 353 3103 486 3166; x_wconf 90' lang='lat' dir='ltr'>pugnae</span> <span class='ocrx_word' id='word_1_202' title='bbox 518 3088 651 3166; x_wconf 91' lang='lat' dir='ltr'>tempus</span> <span class='ocrx_word' id='word_1_203' title='bbox 679 3103 839 3167; x_wconf 91' lang='lat' dir='ltr'>magnum</span> <span class='ocrx_word' id='word_1_204' title='bbox 870 3084 979 3149; x_wconf 89' lang='lat' dir='ltr'>attulit</span> <span class='ocrx_word' id='word_1_205' title='bbox 1008 3085 1130 3151; x_wconf 90' lang='lat' dir='ltr'>nostris</span> <span class='ocrx_word' id='word_1_206' title='bbox 1160 3087 1203 3151; x_wconf 89' lang='lat' dir='ltr'>ad</span> <span class='ocrx_word' id='word_1_207' title='bbox 1241 3103 1255 3142; x_wconf 61' lang='grc' dir='ltr'><strong>ὓ</strong></span> 
     </span>
     <span class='ocr_line' id='line_1_28' title="bbox 132 3188 1204 3274; baseline 0.007 -23"><span class='ocrx_word' id='word_1_208' title='bbox 132 3188 275 3253; x_wconf 86' lang='lat' dir='ltr'>salutem</span> <span class='ocrx_word' id='word_1_209' title='bbox 299 3194 521 3266; x_wconf 85' lang='lat' dir='ltr'>momentum3</span> <span class='ocrx_word' id='word_1_210' title='bbox 540 3189 631 3254; x_wconf 89' lang='lat' dir='ltr'>nacti</span> <span class='ocrx_word' id='word_1_211' title='bbox 653 3189 742 3254; x_wconf 92' lang='lat' dir='ltr'>enim</span> <span class='ocrx_word' id='word_1_212' title='bbox 765 3189 911 3274; x_wconf 87' lang='lat' dir='ltr'>spatium</span> <span class='ocrx_word' id='word_1_213' title='bbox 934 3212 971 3256; x_wconf 89' lang='lat' dir='ltr'>se</span> <span class='ocrx_word' id='word_1_214' title='bbox 993 3191 1028 3256; x_wconf 93' lang='lat' dir='ltr'>in</span> <span class='ocrx_word' id='word_1_215' title='bbox 1050 3192 1125 3258; x_wconf 88' lang='lat' dir='ltr'>loca</span> <span class='ocrx_word' id='word_1_216' title='bbox 1147 3215 1204 3259; x_wconf 88' lang='lat' dir='ltr'>su-</span> 
     </span>
     <span class='ocr_line' id='line_1_29' title="bbox 132 3285 1203 3384; baseline 0.005 -25"><span class='ocrx_word' id='word_1_217' title='bbox 132 3295 264 3379; x_wconf 90' lang='lat' dir='ltr'>periora</span> <span class='ocrx_word' id='word_1_218' title='bbox 295 3301 501 3378; x_wconf 88' lang='lat' dir='ltr'>receperunt.</span> <span class='ocrx_word' id='word_1_219' title='bbox 555 3295 735 3362; x_wconf 89' lang='lat' dir='ltr'>desiderati</span> <span class='ocrx_word' id='word_1_220' title='bbox 770 3303 848 3362; x_wconf 90' lang='lat' dir='ltr'>sunt</span> <span class='ocrx_word' id='word_1_221' title='bbox 885 3319 924 3362; x_wconf 91' lang='lat' dir='ltr'>eo</span> <span class='ocrx_word' id='word_1_222' title='bbox 956 3298 1010 3364; x_wconf 92' lang='lat' dir='ltr'>die</span> <span class='ocrx_word' id='word_1_223' title='bbox 1040 3285 1203 3384; x_wconf 85' lang='lat' dir='ltr'>sagittarii</span> 
     </span>
     <span class='ocr_line' id='line_1_30' title="bbox 130 3400 1203 3490; baseline 0.006 -24"><span class='ocrx_word' id='word_1_224' title='bbox 130 3401 266 3466; x_wconf 89' lang='lat' dir='ltr'>circiter</span> <span class='ocrx_word' id='word_1_225' title='bbox 287 3400 355 3476; x_wconf 80' lang='lat' dir='ltr'>CC,</span> <span class='ocrx_word' id='word_1_226' title='bbox 379 3400 507 3486; x_wconf 88' lang='lat' dir='ltr'>equites</span> <span class='ocrx_word' id='word_1_227' title='bbox 530 3402 640 3486; x_wconf 87' lang='lat' dir='ltr'>pauci,</span> <span class='ocrx_word' id='word_1_228' title='bbox 671 3402 826 3468; x_wconf 85' lang='lat' dir='ltr'>calonum</span> <span class='ocrx_word' id='word_1_229' title='bbox 856 3410 956 3490; x_wconf 87' lang='lat' dir='ltr'>atque</span> <span class='ocrx_word' id='word_1_230' title='bbox 980 3406 1203 3473; x_wconf 90' lang='lat' dir='ltr'>iumentorum</span> 
     </span>
     <span class='ocr_line' id='line_1_31' title="bbox 132 3529 559 3593; baseline 0.007 -21"><span class='ocrx_word' id='word_1_231' title='bbox 132 3530 200 3572; x_wconf 91' lang='lat' dir='ltr'>non</span> <span class='ocrx_word' id='word_1_232' title='bbox 223 3529 368 3593; x_wconf 91' lang='lat' dir='ltr'>magnus</span> <span class='ocrx_word' id='word_1_233' title='bbox 390 3529 559 3576; x_wconf 79' lang='lat' dir='ltr'>numerus,</span> 
     </span>
    </p>

    <p class='ocr_par' dir='ltr' id='par_1_4' title="bbox 130 3602 1273 3918">
     <span class='ocr_line' id='line_1_32' title="bbox 222 3602 1251 3709; baseline 0.01 -29"><span class='ocrx_word' id='word_1_234' title='bbox 222 3602 293 3681; x_wconf 88' lang='lat' dir='ltr'><strong>LII.</strong></span> <span class='ocrx_word' id='word_1_235' title='bbox 316 3616 379 3682; x_wconf 86' lang='lat' dir='ltr'>His</span> <span class='ocrx_word' id='word_1_236' title='bbox 402 3621 474 3681; x_wconf 88' lang='lat' dir='ltr'>tum</span> <span class='ocrx_word' id='word_1_237' title='bbox 497 3616 653 3684; x_wconf 90' lang='lat' dir='ltr'>omnibus</span> <span class='ocrx_word' id='word_1_238' title='bbox 677 3619 786 3683; x_wconf 86' lang='lat' dir='ltr'>rebus</span> <span class='ocrx_word' id='word_1_239' title='bbox 813 3639 944 3686; x_wconf 90' lang='lat' dir='ltr'>annona</span> <span class='ocrx_word' id='word_1_240' title='bbox 971 3621 1090 3702; x_wconf 83' lang='lat' dir='ltr'>crevit3</span> <span class='ocrx_word' id='word_1_241' title='bbox 1116 3644 1202 3709; x_wconf 87' lang='lat' dir='ltr'>quae</span> <span class='ocrx_word' id='word_1_242' title='bbox 1241 3640 1251 3680; x_wconf 85' lang='lat'>1</span> 
     </span>
     <span class='ocr_line' id='line_1_33' title="bbox 132 3724 1202 3809; baseline 0.007 -22"><span class='ocrx_word' id='word_1_243' title='bbox 132 3724 202 3788; x_wconf 85' lang='lat' dir='ltr'>sere</span> <span class='ocrx_word' id='word_1_244' title='bbox 223 3745 277 3790; x_wconf 88' lang='lat' dir='ltr'>res</span> <span class='ocrx_word' id='word_1_245' title='bbox 311 3746 378 3789; x_wconf 89' lang='lat' dir='ltr'>non</span> <span class='ocrx_word' id='word_1_246' title='bbox 409 3725 518 3790; x_wconf 86' lang='lat' dir='ltr'>sctum</span> <span class='ocrx_word' id='word_1_247' title='bbox 540 3724 653 3809; x_wconf 88' lang='lat' dir='ltr'>inopia</span> <span class='ocrx_word' id='word_1_248' title='bbox 684 3725 863 3809; x_wconf 87' lang='lat' dir='ltr'>praesenti,</span> <span class='ocrx_word' id='word_1_249' title='bbox 894 3727 1076 3793; x_wconf 89' lang='lat' dir='ltr'>sedetiam</span> <span class='ocrx_word' id='word_1_250' title='bbox 1099 3729 1202 3794; x_wconf 83' lang='lat' dir='ltr'>futuri</span> 
     </span>
     <span class='ocr_line' id='line_1_34' title="bbox 130 3830 1273 3918; baseline -0.002 -23"><span class='ocrx_word' id='word_1_251' title='bbox 130 3830 291 3915; x_wconf 90' lang='lat' dir='ltr'>temporis</span> <span class='ocrx_word' id='word_1_252' title='bbox 308 3830 425 3897; x_wconf 89' lang='lat' dir='ltr'>timore</span> <span class='ocrx_word' id='word_1_253' title='bbox 448 3831 682 3918; x_wconf 87' lang='lat' dir='ltr'>ingravescere</span> <span class='ocrx_word' id='word_1_254' title='bbox 697 3834 881 3902; x_wconf 87' lang='lat' dir='ltr'>consuevit.</span> <span class='ocrx_word' id='word_1_255' title='bbox 926 3834 1069 3918; x_wconf 72' lang='lat' dir='ltr'>iamque</span> <span class='ocrx_word' id='word_1_256' title='bbox 1088 3838 1143 3897; x_wconf 67' lang='lat' dir='ltr'>ad</span> <span class='ocrx_word' id='word_1_257' title='bbox 1152 3838 1218 3894; x_wconf 63' lang='lat' dir='ltr'>ue·</span> <span class='ocrx_word' id='word_1_258' title='bbox 1251 3848 1273 3882; x_wconf 46' lang='grc' dir='ltr'>ἱ</span> 
     </span>
    </p>
   </div>
   <div class='ocr_carea' id='block_1_3' title="bbox 0 0 1388 4200">
    <p class='ocr_par' dir='ltr' id='par_1_5' title="bbox 0 0 1388 4200">
     <span class='ocr_line' id='line_1_35' title="bbox 0 0 1388 4200; baseline 0 2"><span class='ocrx_word' id='word_1_259' title='bbox 0 0 1388 4200; x_wconf 95' lang='lat' dir='ltr'> </span> 
     </span>
    </p>
   </div>
  </div>
 </body>
</html>
