2768 4200
400 220 519 278 COMM.
540 220 591 278 Ill.
612 220 694 278 CAP.
714 221 961 280 LXVII—LXXI
1164 225 1214 281 115

151 406 254 451 cornu
277 382 399 450 milites
422 405 499 449 cum
527 406 567 449 ex
589 384 677 449 vallo
709 384 905 470 Pompeium
941 387 1059 453 adesse
1083 393 1115 453 et
1137 407 1215 452 suos

150 493 265 579 fugere
289 497 471 573 cernerent,
499 491 615 574 veriti,
643 515 685 559 ne
716 493 880 578 angustiis
908 492 1215 575 intercluderentur,

149 623 224 668 cum
249 607 396 667 extract
424 601 514 666 intus
541 601 671 667 hostem
702 602 872 678 haberent,
902 603 1027 683 eodem,
1058 623 1123 687 quo
1154 625 1214 669 ve-

149 715 282 791 nerant,
313 716 448 795 receptu
478 709 543 776 sibi
571 710 805 792 consulebant,
835 710 1013 796 omniaque
1042 716 1136 777 erant
1162 717 1214 776 tu-

149 819 285 901 multuS,
309 818 446 900 timoris,
462 819 562 904 fugae
578 819 687 904 plena,
705 820 787 884 adeo
806 824 853 899 ut,
870 840 947 883 curn
970 818 1094 883 Caesar
1118 818 1214 904 signa

147 926 346 1013 fugientium
381 947 484 991 manu
505 928 682 1010 prenderet
709 932 742 991 et
774 925 956 991 consistere
986 925 1129 1007 iuberet,
1158 926 1214 992 alii

148 1034 303 1102 admissis
331 1032 426 1120 equis
464 1036 606 1099 eundem
638 1055 773 1101 cursum
811 1032 1029 1118 confugerent
1059 1033 1116 1099 alii
1147 1030 1212 1125 [cxl

147 1149 238 1211 metu
260 1142 360 1209 etiam
383 1142 479 1229 sigua
512 1141 724 1223 dimitterent,
747 1162 853 1228 neque
880 1140 1057 1228 quisquam
1082 1141 1214 1209 omnino

94 1242 99 1251 ’
147 1249 350 1320 consisteret.

236 1358 342 1425 LXX.
366 1357 427 1423 His
451 1357 551 1424 tantis
575 1359 672 1424 malis
686 1358 771 1425 haec
794 1359 943 1425 subsidia
966 1360 1213 1439 succurrebant,
1238 1375 1246 1418 1

146 1488 211 1553 quo
235 1465 345 1531 minus
362 1465 469 1530 omnis
485 1466 649 1532 deleretur
667 1466 841 1549 exereitus,
857 1469 947 1554 quod
963 1467 1142 1552 Pompeius
1160 1467 1212 1533 in-

144 1575 249 1642 sidias
268 1575 398 1656 timens,
414 1575 522 1656 credo,
539 1575 628 1661 quod
645 1574 730 1640 haec
752 1580 882 1658 praeter
905 1597 1000 1659 spem
1024 1575 1213 1641 acciderant

144 1683 227 1766 ciue,
250 1683 307 1769 qui
328 1683 428 1768 paulo
453 1688 529 1749 ante
545 1704 584 1748 ex
608 1681 725 1748 castris
749 1681 914 1766 fugientes
930 1703 1008 1746 suos
1030 1704 1213 1766 conspexe-

143 1797 205 1875 rat,
221 1791 461 1859 munitionibus
477 1791 742 1877 appropinquare
757 1790 962 1876 aliquamdiu
977 1811 1043 1855 non
1059 1792 1214 1871 audebat,

143 1899 337 1985 equitesque
361 1899 432 1965 eius
454 1898 619 1984 angustiis
638 1905 738 1985 atque
753 1899 808 1965 his
832 1922 852 1965 a
875 1899 1029 1967 Caesaris
1052 1899 1213 1965 militibus

144 2007 314 2093 occupatis
339 2010 382 2073 ad
403 2008 647 2092 insequendum
671 2008 897 2074 tardabantur.
943 2007 990 2074 ita
1012 2029 1137 2092 parvae
1160 2030 1248 2075 rese

145 2135 304 2200 magnum
340 2117 375 2181 in
412 2122 589 2201 utramque
617 2121 745 2199 partem
780 2121 985 2181 momentum
1014 2117 1211 2183 habuerunt·

144 2220 343 2287 munitiones
367 2221 456 2288 enim
489 2243 508 2287 a
533 2221 651 2287 castris
685 2225 729 2288 ad
756 2224 878 2288 flumen
901 2225 1082 2307 perductae
1106 2246 1211 2309 expu-

141 2329 252 2414 gnatis
275 2330 342 2395 iam
365 2329 485 2395 castris
508 2330 644 2415 Pompei
660 2330 829 2416 propriam
853 2332 1107 2417 expeditamque
1126 2333 1211 2398 an-

141 2435 225 2501 saris
255 2436 431 2504 victoriam
459 2438 775 2524 interpellaverunt3
812 2441 928 2505 eadem
957 2461 1010 2505 res
1044 2440 1211 2506 celeritate

139 2543 385 2630 insequentium
408 2548 540 2613 tardata
563 2547 684 2613 nostris
703 2548 846 2614 salutern
870 2548 988 2614 attulit.

230 2652 351 2719 LXXI.
375 2655 514 2719 Duobus
544 2654 598 2721 lris
629 2656 730 2721 unius
753 2655 818 2720 diei
848 2655 982 2741 proeliis
1005 2656 1130 2721 Caesar
1152 2655 1209 2719 de·
1236 2678 1245 2720 1

139 2759 299 2826 sideravit
322 2760 445 2827 milites
472 2762 682 2830 DCCCCLX
704 2769 737 2829 et
766 2763 893 2849 equites
916 2762 983 2843 CC,
1012 2762 1210 2828 Tuticanum

138 2868 272 2935 Gallum
297 2870 457 2936 senatoris
481 2871 595 2945 filium,
620 2876 714 2936 notos
738 2870 866 2955 equites
890 2871 1054 2935 Romanos
1079 2869 1116 2934 C.
1136 2870 1210 2935 Ple-

138 2974 285 3060 ginatem
301 2975 480 3057 Placentia,
497 2977 537 3041 A.
557 2975 719 3042 Granium
735 2975 891 3057 Puteolis,
908 2975 953 3041 M.
971 2975 1208 3042 Sacrativirum

137 3082 264 3168 Capua,
287 3083 438 3149 tribunos
461 3083 602 3150 militum
626 3088 659 3148 et
685 3083 896 3149 centuriones
919 3084 1053 3150 XXXII
1083 3124 1126 3133 -
1150 3087 1206 3151 sed
1232 3124 1244 3166 2

136 3189 255 3257 horum
279 3191 427 3257 omnium
458 3212 537 3277 pars
561 3211 685 3276 magna
708 3190 743 3255 in
770 3191 870 3257 fossis
902 3192 1208 3278 munitionibusque

137 3305 170 3364 et
184 3299 331 3366 fluminis
349 3300 428 3385 ripis
444 3321 602 3385 oppressa
621 3320 755 3364 suorum
780 3299 814 3364 in
838 3305 958 3365 terrore
981 3322 1022 3365 ae
1042 3301 1122 3385 fuga
1139 3300 1208 3364 sinc

137 3407 204 3472 ullo
227 3408 366 3474 vulnere
389 3408 513 3473 interiit
534 3431 600 3488 —-;
624 3407 786 3492 signaque
810 3413 887 3472 sunt
911 3407 1065 3474 militaria
1084 3407 1208 3473 amissa

135 3515 280 3582 XXXII.
326 3516 508 3603 Pompeius
532 3539 570 3583 eo
593 3517 715 3603 proelio
739 3517 917 3601 imperator
937 3522 987 3582 est
1010 3517 1205 3602 appellatus
1231 3556 1243 3597 2,

135 3622 200 3689 hoc
223 3644 345 3689 nomen
370 3623 522 3705 obtinuit,
547 3630 646 3709 atque
668 3623 713 3690 ita
734 3646 770 3689 se
785 3630 901 3709 postea
924 3624 1062 3690 salutari
1086 3645 1206 3708 passus

136 3735 197 3810 est,
220 3732 280 3796 sed
303 3753 411 3817 neque
435 3731 470 3797 in
493 3731 612 3798 litteris
634 3731 859 3816 praescribere
884 3738 935 3798 est
957 3731 1074 3796 solitus
1101 3753 1208 3817 neque

136 3836 170 3903 in
193 3837 341 3905 fascibus
366 3838 510 3926 insignia
525 3841 659 3908 laureae
672 3839 836 3928 praetulit.
883 3846 917 3908 at
940 3839 1108 3906 Labienus
1132 3861 1207 3908 cunr
1233 3880 1247 3921 r
