2768 4200
376 208 495 263 COMM.
516 209 554 262 ll.
577 209 661 263 CAP.
681 208 884 262 XlV-XVH.
1130 207 1166 261 57

92 371 171 430 sunt
200 366 287 447 usui,
319 366 388 431 sine
412 367 558 451 periculo
583 373 765 451 supportat.
812 367 963 432 celeriter
982 389 1037 432 res
1056 365 1164 432 admi·
1188 385 1203 428 r

92 473 267 539 nistratur:
291 475 439 539 diuturni
458 474 583 539 laboris
607 474 840 540 detrimentum
866 475 1014 539 sollertia
1037 479 1070 538 et
1092 473 1164 537 vir-

91 586 162 645 tute
181 581 324 646 militum
353 583 447 647 brevi
482 583 727 648 reconciliatur.
774 590 900 667 portae,
925 583 1047 666 quibus
1082 581 1165 646 locis

92 688 246 768 ridetur,
266 690 448 773 eruptionis
472 711 574 755 cansa
597 690 632 753 in
655 711 750 754 muro
774 690 1016 774 relinquuntur.

180 795 271 865 XVI.
298 796 395 877 Quod
414 797 473 861 ubi
487 798 601 862 hostes
617 796 774 862 viderunt
792 819 842 872 ea,
863 819 948 882 quae
974 797 1030 861 diu
1048 797 1166 880 longo·
1191 812 1203 853 ι

92 926 157 989 quc
176 906 284 989 spatio
302 907 394 971 retici
412 929 479 972 non
497 928 595 991 posse
615 912 815 990 sperassent,
831 926 1015 989 paucorum
1038 904 1167 968 dierum

92 1031 195 1093 opera
218 1019 251 1076 et
281 1014 394 1077 labore
425 1013 472 1077 ita
507 1015 641 1091 relecta,
667 1020 703 1077 ut
725 1013 837 1076 nullus
868 1011 1024 1095 perfidiae
1058 1032 1167 1095 neque

93 1118 257 1201 eruptioni
279 1120 373 1183 locus
393 1126 480 1184 esset
499 1142 561 1184 nec
577 1121 758 1204 quicquam
771 1119 909 1184 omnino
926 1118 1169 1202 relinqueretur

94 1246 161 1307 qua
184 1229 246 1290 aut
264 1226 337 1290 telis
362 1226 523 1291 militibus
547 1234 606 1292 aut
629 1227 699 1310 igni
727 1226 884 1310 operibus
908 1224 1020 1289 noceri
1044 1230 1167 1308 posset,

94 1331 277 1416 eodemque
297 1333 448 1416 exemplo
468 1333 614 1397 sentiunt
632 1339 737 1397 totam
756 1335 884 1412 urbem,
906 1353 974 1417 qua
994 1331 1037 1396 sit
1059 1331 1169 1394 aditus
1191 1345 1208 1386 2

94 1440 137 1502 ab
160 1444 258 1516 terra,
283 1459 377 1502 muro
391 1438 605 1522 turribusque
630 1439 799 1504 circumiri
823 1461 931 1523 posse,
956 1439 1005 1503 sic
1028 1444 1065 1504 ut
1087 1437 1169 1521 ipsis

94 1544 300 1609 consistendi
324 1545 357 1608 in
382 1545 453 1609 suis
486 1546 726 1611 munitionibus
756 1548 849 1611 locus
877 1569 943 1611 non
968 1552 1066 1626 esset,
1091 1567 1169 1610 cum

93 1674 198 1735 paene
220 1653 434 1718 inaedificata
457 1653 493 1717 in
526 1655 631 1718 muris
655 1657 698 1720 ab
722 1655 870 1720 exercitu
902 1661 1014 1720 nostro
1037 1654 1171 1718 moenia

94 1760 285 1825 viderentur
315 1782 354 1825 ac
377 1761 478 1825 telum
504 1783 607 1825 manu
637 1761 852 1841 enumeretur,
876 1782 1078 1844 suorumque
1101 1767 1207 1826 tor-e

95 1873 281 1931 mentorum
295 1888 404 1946 usum,
420 1888 448 1931 a.
461 1868 583 1953 quibus
599 1868 663 1952 ipsi
679 1890 803 1952 magna
822 1868 1057 1952 speravissent,
1071 1867 1171 1951 spatii

95 1973 339 2057 propinquitate
354 1974 487 2039 interire
506 1975 644 2059 parique
662 1975 856 2039 condicione
872 1997 912 2039 ex
930 1995 1026 2038 muro
1043 1996 1083 2039 ac
1099 1981 1170 2041 tur-

96 2080 188 2142 ribus
219 2081 368 2145 bellandi
402 2084 481 2146 data
515 2103 552 2146 se
581 2082 704 2146 virtute
736 2082 858 2146 nostris
882 2084 1073 2166 adaequare
1103 2104 1170 2146 non

96 2205 195 2266 posse
217 2186 422 2270 intellegunt,
447 2189 490 2252 ad
514 2190 648 2252 easdem
673 2188 850 2254 deditionis
882 2188 1094 2252 condiciones
1117 2210 1170 2253 re-

97 2299 244 2356 currunt.

185 2401 295 2467 XVII.
312 2400 357 2466 M.
382 2403 488 2467 Varro
506 2403 541 2467 in
561 2404 715 2469 ulteriore
731 2403 896 2488 Hispania
915 2401 1009 2466 initio
1026 2402 1169 2485 cognitis
1195 2423 1206 2465 r

96 2507 137 2570 iis
161 2507 272 2586 rebus,
289 2529 375 2592 quae
394 2515 471 2574 sunt
494 2509 527 2573 in
551 2510 649 2574 italia
673 2517 798 2594 gestae,
822 2509 977 2574 diffidens
992 2507 1169 2591 Pompeia-

96 2617 149 2678 nis
172 2617 272 2679 rebus
296 2616 499 2681 amicissime
523 2619 564 2682 de
585 2617 730 2682 Caesare
749 2616 966 2700 loquebatur:
987 2636 1169 2698 praeoccu-
1194 2637 1209 2678 a

95 2729 211 2804 patum
235 2743 307 2786 sese
339 2723 504 2807 legatione
536 2725 579 2787 ab
610 2723 672 2788 Cn.
704 2722 873 2805 Pompeio,
898 2721 1004 2785 teneri
1029 2719 1171 2784 obstric-

97 2836 167 2890 tum
195 2829 275 2906 side3
310 2830 590 2895 necessitudinem
627 2830 757 2914 quidem
789 2827 853 2892 sibi
877 2827 982 2890 nihilo
1006 2826 1170 2890 minorem

98 2950 175 2991 cum
198 2930 343 2996 Caesare
358 2933 581 3009 intercedere3
606 2954 715 3016 neque
736 2952 771 2994 se
787 2930 952 3013 ignorare,
970 2931 1058 3012 quod
1083 2935 1172 2994 esset

98 3035 244 3099 officium
266 3039 382 3122 legati,
406 3039 463 3122 qui
486 3039 695 3102 fiduciariam
728 3057 862 3120 operam
887 3036 1061 3117 obtineret,
1086 3057 1171 3120 quae

98 3142 187 3205 vires
219 3165 316 3224 suae,
345 3166 431 3227 quae
461 3146 617 3210 voluntas
649 3166 728 3228 erga
758 3143 939 3209 Caesarem
969 3143 1071 3208 totius
1094 3166 1171 3227 pro-

97 3250 237 3315 vinciae.
284 3252 369 3316 haec
392 3252 547 3335 omnibus
571 3253 700 3317 ferebat
715 3251 924 3316 sermonibus
943 3273 1053 3335 neque
1078 3273 1113 3315 se
1135 3251 1171 3314 in

97 3355 202 3420 ullam
225 3364 355 3439 purtem
375 3358 541 3423 movebat.
587 3366 703 3443 postea
721 3380 802 3424 vero
821 3379 898 3422 eum
922 3357 1102 3422 Caesarem
1127 3360 1170 3422 ad
1193 3381 1209 3423 3

96 3463 284 3528 Massiliam
309 3465 448 3529 detineri
470 3458 640 3548 cognovit,
659 3466 773 3550 copias
794 3464 904 3528 Petrei
928 3485 1006 3527 cum
1026 3464 1170 3529 exercitu

99 3570 227 3633 Afranii
252 3593 325 3635 esse
349 3572 554 3650 coniunctas
578 3593 703 3656 magna
720 3572 843 3637 auxilia
867 3571 1072 3652 convenisse,
1096 3594 1170 3636 ma-

97 3697 165 3759 gna
189 3699 263 3742 csse
287 3678 321 3742 in
345 3699 404 3761 spe
427 3686 528 3764 atquc
552 3679 739 3762 exspectari
770 3686 803 3743 et
826 3678 1013 3742 consentire
1037 3701 1171 3746 omnem

97 3782 280 3850 citeriorem
297 3785 515 3869 provinciam,
535 3808 686 3871 (quaeque
703 3793 818 3870 postea
833 3787 1026 3851 acciderant
1044 3789 1085 3852 de
1109 3809 1170 3852 an-
