2768 4200
375 221 494 278 COMM.
514 222 551 276 Π.
573 222 656 277 ΟΑΡ.
676 221 927 276 XXIII-XXVI.
1153 217 1190 274 63

203 383 312 448 XXV.
336 384 409 448 Hoc
441 383 610 467 explorato
640 381 713 446 loco
737 381 838 446 Curio
863 387 974 446 castra
1004 381 1085 446 Vari
1108 402 1189 445 con·
1215 399 1228 440 r

113 488 213 573 spicit
236 512 331 555 muro
355 490 543 574 oppidoque
567 489 753 568 coniuncta,
778 493 822 553 ad
851 496 992 573 portam,
1017 510 1103 573 quae
1127 510 1189 573 ap-

112 596 255 680 pellatur
277 597 413 671 Bellica,
438 597 619 661 admodum
654 596 784 662 munita
815 603 934 661 natura
956 597 1032 678 loci,
1057 620 1124 662 una
1148 621 1189 663 ex

112 710 207 788 parte
230 704 304 788 ipso
329 705 451 788 oppido
468 703 577 784 Utica,
595 705 700 769 altera
722 725 742 768 a
766 704 906 785 theatro,
932 707 1021 790 quod
1045 712 1188 771 estante

113 810 284 894 oppidum,
308 812 611 883 substructionibus
635 811 707 876 eius
726 810 836 895 operis
852 812 1008 877 maximis
1021 812 1125 899 *aditu
1144 815 1187 876 ad

113 924 225 984 castra
257 919 385 985 difficili
420 926 453 985 et
483 926 636 1005 angusto.
684 919 784 984 simul
816 919 1052 986 animadvertit
1081 923 1226 987 multa2

112 1027 263 1114 undique
286 1028 411 1112 portari
434 1035 534 1112 atque
557 1028 614 1113 agi
636 1027 841 1111 plenissimis
859 1028 934 1110 viis,
958 1050 1043 1114 quae
1067 1050 1186 1113 repen·

112 1132 174 1197 tini
201 1135 364 1200 tumultus
398 1134 515 1200 timore
551 1157 591 1199 ex
623 1134 713 1218 agris
744 1134 780 1197 in
812 1137 941 1199 urbem>
961 1136 1185 1200 conferantur.

112 1239 180 1304 huc
210 1241 395 1325 equitatum
423 1240 541 1323 mittit,
568 1248 607 1307 ut
637 1241 795 1326 diriperet
826 1247 927 1326 atque
950 1241 1090 1308 haberet
1112 1243 1185 1307 loco
1208 1251 1226 1294 3

112 1348 273 1428 praedae3
310 1349 493 1433 eodemque
534 1354 683 1433 tempore
716 1349 771 1414 his
805 1351 906 1415 rebus
941 1349 1090 1414 sudsidio
1126 1350 1185 1415 DC

112 1452 240 1536 equites
263 1453 428 1519 Numidae
453 1477 494 1519 ex
517 1455 638 1538 oppido
653 1456 850 1542 peditesque
874 1455 987 1521 CCCC
1011 1456 1186 1521 mittuntur

112 1581 132 1623 a
155 1558 254 1640 Varo,
279 1582 362 1644 quos
386 1560 500 1625 auxilii
519 1582 622 1626 causa
638 1583 697 1625 rex
719 1563 805 1626 Iuba
826 1561 943 1646 paucis
967 1562 1085 1627 diebus
1109 1567 1186 1627 ante

111 1666 245 1732 Uticam
261 1668 407 1733 miserat.
453 1667 532 1731 huic
551 1673 585 1732 et
600 1673 776 1750 paternum
791 1667 973 1751 hospitium
988 1690 1065 1733 cum
1084 1669 1185 1733 Pom·
1208 1679 1226 1721 4

111 1773 185 1858 peio
209 1780 241 1838 et
264 1774 416 1840 simultas
435 1796 513 1839 cum
537 1774 681 1839 Curione
707 1774 941 1856 intercedebat,
966 1777 1056 1859 quod
1078 1776 1186 1840 tribu-

111 1903 175 1946 nus
190 1881 298 1965 plebis
314 1882 424 1966 legem
442 1881 726 1965 promulgaverat,
743 1902 810 1964 qua
827 1882 902 1965 lege
917 1902 1059 1965 regnum
1083 1883 1186 1946 lubae

114 1986 356 2071 publicaverat.
403 1993 605 2052 concurrunt
631 1987 759 2071 equites
783 1987 868 2053 inter
900 2009 951 2066 se;
975 2008 1083 2072 neque
1106 2011 1224 2054 veroa

112 2093 257 2177 primum
281 2093 443 2176 impetum
472 2099 663 2157 nostrorum
694 2093 860 2158 Numidae
883 2096 970 2159 ferre
997 2101 1185 2178 potuerunt,

111 2200 173 2265 sed
196 2199 381 2264 interfectis
404 2199 534 2264 circiter
557 2199 653 2265 CXX
676 2199 793 2284 reliqui
813 2222 849 2266 se
867 2201 902 2266 in
924 2209 1035 2267 castra
1057 2204 1101 2266 ad
1125 2223 1186 2287 op-

111 2306 227 2391 pidum
252 2311 463 2389 receperunt,
509 2306 645 2372 interim
668 2310 816 2373 adventu
845 2309 1022 2393 longarum
1046 2309 1224 2375 naviumo

111 2413 212 2479 Curio
234 2413 440 2497 pronuntiari
464 2413 627 2479 onerariis
651 2416 795 2480 navibus
818 2415 918 2496 iubet,
943 2438 1028 2501 quae
1051 2418 1185 2481 stabant

110 2522 154 2585 ad
177 2522 309 2588 Uticam
333 2542 471 2585 numero
499 2521 631 2587 circiter
659 2523 725 2601 CC,
753 2545 790 2588 se
813 2523 848 2587 in
871 2523 1019 2589 hostium
1049 2523 1185 2589 habitu-

108 2653 183 2696 rum
204 2632 287 2706 loce,
312 2630 369 2715 qui
392 2651 460 2694 non
483 2651 524 2693 ex
540 2629 681 2714 vestigio
698 2633 741 2695 ad
760 2630 880 2695 Castra
903 2629 1058 2695 Cornelia
1080 2651 1185 2695 naves

110 2739 329 2806 traduxisset
369 2760 435 2823 qua
458 2736 729 2822 pronuntiatione
763 2739 855 2802 lacta
878 2737 1036 2820 temporis
1059 2742 1184 2821 puncto
1207 2757 1223 2798 r

110 2845 250 2910 sublatis
274 2845 404 2910 ancoris
429 2867 544 2909 omnes
567 2845 702 2909 Uticam
725 2844 917 2929 relinquunt
933 2852 966 2908 et
989 2865 1053 2927 quo
1071 2843 1184 2927 impe-

109 2956 219 3016 ratum
249 2959 301 3016 est
335 2959 521 3017 transeunt.
569 2973 656 3036 quae
687 2972 741 3015 res
769 2951 918 3014 omnium
946 2972 1058 3015 rerum
1087 2951 1184 3034 copia

110 3059 290 3141 complevit
313 3060 506 3124 exercitum.

199 3164 325 3229 XXVI.
348 3164 410 3229 His
433 3165 534 3229 rebus
559 3165 663 3247 gestis
687 3163 788 3229 Curio
808 3185 843 3228 se
866 3163 901 3228 in
917 3170 1027 3229 castra
1050 3167 1093 3230 ad
1116 3166 1183 3231 Ba·
1208 3205 1218 3241 1

109 3270 251 3353 gradam
273 3269 390 3354 recipit
413 3275 514 3353 atque
543 3269 693 3334 universi
724 3271 889 3335 exercitus
919 3273 1182 3338 conclamatione

109 3378 290 3462 imperator
313 3377 500 3462 appellatur
528 3382 727 3462 posteroque
759 3378 812 3443 die
834 3378 969 3444 Uticam
1001 3380 1182 3446 exercitum

108 3486 202 3551 ducit
224 3492 257 3551 et
288 3507 392 3570 propo
422 3484 581 3569 oppidum
617 3492 728 3551 castra
756 3486 859 3570 ponit.
908 3487 1058 3551 nondum
1082 3508 1221 3571 oper02

108 3601 293 3658 castrorum
317 3593 463 3677 perlecto
486 3592 622 3676 [equites
653 3616 694 3658 ex
717 3593 857 3658 statione
879 3592 1035 3658 nuntiant
1058 3614 1182 3677 magna

108 3700 234 3767 aum'lia
257 3699 407 3785 equitum
430 3697 647 3784 peditumque
671 3701 713 3764 ab
736 3720 816 3783 rege
839 3699 942 3764 missa
965 3699 1097 3765 Uticam
1121 3721 1181 3764 ve-

107 3806 197 3886 nire3
221 3809 404 3893 eodemque
427 3813 576 3890 tempore
590 3809 643 3874 vis
663 3827 787 3891 magna
803 3806 952 3890 pulveris
971 3807 1189 3881 cernebatur„
