2768 4200
406 216 526 277 COMM.
545 218 599 274 Ill.
620 217 704 277 CAP.
724 216 931 274 CIV-CVIII.
1149 216 1200 271 137

134 381 249 448 tudine
261 379 388 448 itineris
406 379 547 446 consecti
563 377 722 464 consequi
739 400 805 444 non
820 383 1003 464 potuerant.
1043 379 1102 444 sed
1115 377 1200 444 an—
1223 396 1236 440 a

134 515 191 559 sar
213 493 357 560 confisus
380 492 471 557 fama
493 512 603 558 rerum
623 495 792 577 gestarum
808 488 947 555 infirmis
971 486 1102 554 auxiliis
1123 509 1201 572 pro-

134 600 237 668 ficisci
261 623 328 667 non
351 599 561 666 dubitaverat
584 621 690 684 aeque
717 619 849 664 omnem
872 595 936 662 sibi
958 596 1069 662 locum
1092 601 1201 662 tutum

135 711 206 777 fore
230 708 432 776 existimans.
479 705 699 774 Alexandriae
723 708 765 772 de
788 704 925 791 Pompei
947 711 1053 770 morte
1076 725 1201 790 cogno·
1225 719 1238 762 4

135 817 199 884 scit
222 823 321 903 atque
344 816 391 882 ibi
413 815 557 902 primum
580 838 598 881 e
621 837 707 882 nave
731 814 904 901 egrediens
935 813 1114 881 clamorem
1138 812 1202 879 mi-

134 924 230 992 litum
247 924 349 1006 audit,
368 945 451 1010 quos
467 946 525 990 rex
540 924 574 988 in
594 923 714 1009 oppido
725 921 883 1009 praesidii
896 943 999 989 cansa
1014 920 1202 1008 reliquerat,

90 1023 92 1029 ¹
135 1038 169 1098 et
191 1052 391 1098 concursum
414 1033 457 1096 ad
483 1052 518 1097 se
540 1031 610 1097 fieri
632 1031 732 1113 videt,
757 1032 844 1117 quod
867 1031 977 1096 fasces
1000 1031 1202 1096 anteferren-

136 1146 200 1206 tur.
246 1140 281 1205 in
299 1140 365 1205 hoc
388 1139 495 1205 omnis
518 1139 693 1206 multitudo
716 1138 924 1205 maiestatem
948 1138 1075 1225 re'giam
1099 1138 1204 1204 minui

135 1248 361 1333 praedicabat.
407 1246 472 1312 hoc
495 1248 609 1313 sedato
632 1248 777 1314 tumultu
793 1248 929 1313 crebrae
944 1246 1109 1313 continuis
1132 1247 1203 1313 die·
1226 1265 1239 1308 5

136 1357 199 1421 bus
224 1377 265 1420 ex
289 1375 454 1419 concursu
470 1352 690 1420 multitudinis
706 1352 940 1419 concitationes
964 1352 1096 1434 fiebant,
1111 1374 1203 1419 corn-

135 1462 312 1548 pluresque
336 1461 457 1528 milites
479 1459 580 1528 huius
602 1460 696 1526 urbis
720 1460 872 1527 omnibus
900 1458 1050 1547 partibus
1079 1459 1203 1528 interfi-

137 1569 318 1637 ciebantur.
1191 1580 1194 1587 '

228 1676 331 1743 CVII.
351 1674 480 1758 Quibus
492 1673 591 1739 rebus
609 1672 851 1739 animadversis
866 1673 1014 1759 legiones
1038 1673 1102 1739 sibi
1121 1673 1204 1740 alias
1229 1702 1239 1740 1

137 1807 178 1850 ex
194 1783 275 1849 Asia
294 1782 416 1850 adduci
430 1781 535 1863 iussit,
552 1803 636 1867 quas
651 1804 692 1848 ex
714 1780 926 1867 Pompeianis
949 1781 1109 1848 militibus
1124 1804 1204 1848 con-

137 1892 271 1962 fecerat.
316 1890 388 1977 ipse
412 1889 501 1955 eninr
524 1889 711 1956 necessario
730 1889 842 1956 etesiis
861 1890 1047 1971 tenebatur,
1071 1889 1128 1975 qui
1142 1911 1204 1955 na-

136 2000 329 2086 vigantibus
352 1998 556 2066 Alexandria
579 2001 660 2065 flant
676 1998 903 2066 adversissimi
925 1999 1026 2068 venti.
1071 1999 1204 2066 interim
1227 2038 1240 2080 2

137 2105 382 2174 controversias
405 2128 523 2191 regum
554 2107 597 2170 ad
626 2105 786 2192 populum
812 2106 999 2171 Romanum
1028 2111 1061 2172 et
1091 2108 1134 2173 ad
1158 2127 1204 2187 se,

137 2218 227 2301 quod
249 2221 337 2282 esset
360 2213 486 2296 consul,
506 2213 670 2299 pertinere
694 2212 886 2279 existimans
910 2218 1009 2298 atque
1033 2234 1072 2280 eo
1096 2213 1205 2299 magis

138 2322 258 2416 [officio
282 2345 343 2388 suo
367 2319 570 2412 conveniro]‚
601 2323 690 2408 quod
720 2321 886 2406 superiore
918 2321 1094 2387 consulatu
1129 2343 1205 2388 oum

137 2436 231 2516 patre
254 2429 446 2496 Ptolomaeo
470 2435 502 2495 et
515 2429 590 2514 lege
605 2434 638 2494 et
660 2435 796 2495 senatus
813 2428 963 2494 consulto
979 2429 1120 2494 societas
1136 2435 1206 2496 erat

33 2531 42 2542 *
137 2539 236 2621 facta,
256 2537 398 2605 ostendit
421 2537 485 2603 sibi
501 2537 631 2623 placere
646 2559 759 2622 regem
775 2538 1004 2604 Ptolomaeum
1021 2543 1120 2624 atquc
1135 2538 1205 2604 eius

137 2669 282 2713 sororem
306 2646 516 2731 Cleopatram
539 2644 715 2728 exercitus
740 2668 823 2732 quos
846 2647 1018 2729 haberent,
1043 2646 1206 2713 dimittere

137 2761 169 2821 et
192 2757 233 2820 de
256 2754 490 2821 controversiis
521 2753 592 2821 iure
616 2754 705 2839 apud
740 2775 775 2819 se
798 2753 908 2839 potius
935 2776 1035 2842 quam
1061 2753 1147 2821 inter
1170 2775 1206 2822 sc

138 2863 238 2930 armis
262 2863 456 2948 disceptare.

226 2969 346 3036 CVIII.
370 2971 449 3035 Erat
471 2969 506 3032 in
529 2965 759 3052 procuratione
791 2967 885 3053 regni
908 2973 1042 3053 propter
1065 2975 1204 3036 aetatem
1231 3007 1240 3048 1

138 3077 231 3162 pueri
247 3076 407 3142 nutricius
424 3076 505 3156 eius,
525 3076 697 3142 eunuchus
720 3076 853 3141 nomine
871 3075 1043 3149 Pothinus,
1090 3076 1118 3142 is
1140 3078 1207 3162 pri-

138 3205 231 3248 mum
254 3184 340 3249 inter
363 3205 441 3249 suos
465 3183 559 3269 queri
584 3189 683 3268 atque
709 3183 875 3268 indignari
899 3183 1007 3268 coepit
1028 3206 1140 3270 regom
1165 3187 1208 3250 ad

138 3311 275 3355 causam
300 3289 475 3356 dicendam
506 3290 656 3371 evocari;
691 3290 810 3356 deinde
842 3289 1010 3357 adiutores
1046 3292 1244 3377 quosdam2

105 3471 109 3476 .
139 3397 268 3464 consilii
294 3398 347 3463 sui
369 3403 487 3464 nactus
511 3421 551 3464 ex
574 3399 663 3484 regis
686 3397 803 3464 amicis
827 3398 1008 3465 exercitum
1033 3421 1053 3465 a
1076 3398 1208 3464 Pelusio

139 3506 226 3573 clam
259 3506 496 3572 Alexandriam
530 3506 683 3572 evocavit
718 3511 817 3593 atque
849 3508 992 3573 eundem
1029 3506 1208 3587 Achillam,

139 3615 235 3681 cuius
253 3635 353 3700 supra
376 3613 599 3695 meminimus,
619 3615 774 3681 omnibus
791 3615 895 3701 copiis
913 3614 1083 3701 praefecit.
1118 3614 1209 3679 hunc

138 3722 313 3789 incitatum
338 3744 360 3788 a
383 3722 453 3787 suis
477 3729 508 3787 et
531 3722 620 3808 regis
636 3721 787 3787 inllatum
807 3721 1100 3808 pollicitationibus
1124 3742 1209 3807 quae

140 3828 211 3897 fieri
240 3829 350 3912 vellet,
384 3829 500 3899 litteris
532 3828 723 3926 nuntiisque
755 3828 896 3906 edocuit.
942 3828 977 3905 iu
1011 3832 1245 3917 testament03
