2768 4200
207 220 247 276 80
575 223 627 277 DE
648 223 774 280 BELLO
794 223 917 279 CIVILl

220 391 290 448 tum
326 383 486 450 stationes
521 385 683 470 litoraque
707 385 818 450 omnia
840 386 939 469 longe
971 385 1103 469 lateque
1126 383 1291 448 classibus

218 490 396 576 occupavit
419 491 676 580 custodiis[que]
701 492 894 577 diligentius
918 491 1103 575 dispositis;
1125 491 1198 574 ipse
1213 511 1292 575 gra-

218 598 358 663 vissima
380 598 490 664 hieme
513 599 549 663 in
572 599 714 665 navibus
738 601 907 664 excubans
930 620 1038 684 neque
1060 598 1167 663 ullum
1197 599 1293 663 labo-

219 728 290 772 rem
313 713 371 772 aut
389 729 512 773 munus
538 707 726 792 despiciens
745 729 853 791 neque
876 707 1063 772 subsidium
1086 711 1294 790 exspectans,

220 813 249 878 si
272 813 306 877 in
331 813 487 879 Caesaris
510 814 721 897 complexum
747 813 859 877 venire
882 819 996 896 posset
1061 862 1294 878 .....

184 1055 197 1096 1
309 1029 369 1094 IX.
393 1029 553 1094 Discessu
575 1029 801 1093 Liburnarum
829 1050 871 1092 ex
902 1027 1036 1114 Illyrico
1060 1027 1106 1092 M.
1131 1026 1296 1093 Octavius

221 1158 298 1200 oum
320 1135 372 1215 iis,
395 1157 481 1220 quas
504 1136 661 1215 habebat,
694 1137 840 1201 navibus
871 1136 1010 1201 Salonas
1041 1136 1201 1220 pervenit.
1249 1135 1297 1200 ibi

221 1242 394 1308 concitatis
418 1242 582 1307 Dalmatis
616 1242 823 1328 reliquisque
845 1242 999 1308 barbaris
1032 1245 1141 1308 Issam
1164 1265 1185 1308 a
1208 1242 1296 1308 Cae-

183 1352 306 1416 asaris
337 1350 484 1415 amicitia
512 1349 651 1429 avertit3
681 1356 882 1416 conventum
914 1350 1046 1416 Salonis
1075 1372 1153 1416 cum
1187 1373 1297 1436 neque

221 1456 515 1541 pollicitationibus
538 1478 646 1542 neque
669 1457 918 1522 denuntiatione
940 1457 1079 1541 periculi
1101 1479 1297 1542 permovere

221 1569 344 1648 posset,
367 1564 527 1647 oppidum
546 1583 741 1647 oppugnare
756 1562 908 1629 instituit.
933 1569 984 1628 est
1003 1570 1116 1629 autem
1135 1565 1296 1649 oppidum

183 1692 199 1734 a
222 1676 254 1736 et
271 1669 336 1734 loci
351 1675 471 1734 natura
490 1675 522 1733 et
540 1670 630 1733 vallo
646 1669 821 1741 munitum,
869 1672 928 1735 sed
948 1671 1098 1736 celeriter
1121 1671 1214 1736 cives
1228 1670 1295 1735 Ito-

222 1769 313 1835 mani
333 1770 452 1855 ligneis
477 1770 604 1835 effectis
619 1770 766 1835 turribus
781 1771 834 1835 his
853 1793 927 1837 sese
947 1772 1136 1838 munierunt
1159 1778 1200 1853 et,
1217 1795 1294 1839 cum

222 1884 332 1944 essent
354 1877 475 1942 infirmi
499 1879 543 1942 ad
560 1878 785 1943 resistendum
808 1885 941 1962 propter
960 1879 1162 1964 paucitatem
1185 1881 1295 1945 homi-

223 2008 302 2051 num
326 1986 465 2074 [crebris
495 1986 638 2052 consecti
668 1984 887 2075 vulneribus]‚
920 1987 964 2051 ad
987 1992 1173 2051 extromum
1200 1987 1295 2051 auxi-

222 2093 304 2158 lium
320 2095 566 2159 descenderunt
580 2114 761 2177 servosque
777 2115 892 2158 omnes
907 2096 1049 2177 puberes
1067 2094 1296 2159 liberaverunt

223 2206 256 2266 et
278 2201 460 2284 praesectis
483 2200 632 2265 omnium
654 2199 830 2264 mulierum
853 2200 1001 2266 crinibus
1025 2207 1190 2266 tormenta
1212 2202 1296 2267 effe-

187 2331 200 2372 4
223 2314 350 2379 cerunt,
397 2330 539 2393 quorum
563 2307 699 2392 cognita
722 2309 888 2374 sententia
911 2307 1075 2374 Octavius
1098 2309 1208 2392 quinis
1237 2331 1296 2374 oa-

224 2415 301 2480 stris
321 2415 483 2499 oppidum
507 2415 728 2481 circumdedit
751 2421 851 2500 atque
874 2438 942 2480 uno
958 2421 1106 2499 tempore
1122 2415 1296 2481 obsidione

187 2546 201 2586 c
224 2528 257 2587 et
279 2521 585 2606 oppugnationibus
609 2544 665 2587 eos
682 2543 833 2605 premere
856 2522 974 2606 coepit.
1021 2522 1070 2586 illi
1093 2523 1204 2588 omnia
1219 2545 1296 2608 per-

223 2629 291 2714 peti
315 2629 421 2714 parati
445 2629 590 2694 maxime
606 2650 626 2693 a
645 2651 680 2693 re
696 2629 915 2694 frumentaria
937 2630 1147 2694 laborabant.
1194 2652 1297 2714 quare

224 2737 335 2803 missis
364 2739 408 2802 ad
440 2736 618 2802 Caesarem
640 2737 760 2820 legatis
791 2736 952 2803 auxilium
976 2739 1025 2813 ab
1055 2759 1094 2803 eo
1125 2741 1296 2822 petebant;

187 2845 360 2928 creliqua‚
383 2850 420 2909 ut
442 2849 604 2927 poterant,
628 2843 841 2909 incommoda
855 2866 915 2929 per
938 2866 973 2909 se
997 2845 1216 2912 sustinebant.
1266 2854 1302 2943 et

224 2953 324 3036 longo
347 2951 543 3035 interposito
566 2951 673 3034 spatio
702 2973 780 3015 cum
808 2951 1009 3016 diuturnitas
1037 2953 1298 3036 oppugnationis

225 3059 492 3143 neglegentiores
526 3056 732 3124 Octavianos
762 3060 938 3141 effecisset,
965 3059 1057 3125 nacti
1088 3060 1298 3127 occasionem

225 3165 401 3231 meridiani
422 3166 581 3251 temporis
605 3167 756 3231 discessu
771 3187 886 3231 eorum
900 3167 1013 3252 pueris
1036 3168 1299 3252 mulieribusque

225 3272 259 3336 in
282 3293 377 3336 muro
395 3271 576 3354 dispositis
591 3294 632 3336 ne
656 3272 737 3356 quid
756 3272 942 3338 cotidianae
964 3274 1215 3340 consuetudinis
1238 3276 1298 3339 de-

226 3379 438 3459 sideraretur,
462 3378 526 3463 ipsi
548 3401 653 3444 manu
676 3380 767 3445 faeta
789 3401 867 3446 cum
896 3381 949 3457 iis,
972 3402 1057 3466 quos
1081 3403 1187 3467 nuper
1212 3380 1299 3474 {ma-

225 3483 322 3574 ximi]
340 3486 573 3566 liberaverant,
589 3485 623 3550 in
639 3487 790 3570 proxima
809 3486 944 3553 Octavii
963 3495 1075 3554 castra
1097 3488 1297 3571 irruperunt.

189 3621 203 3663 r
226 3594 280 3660 his
303 3595 504 3680 expugnatis
536 3597 654 3660 eodem
679 3596 808 3680 impetu
837 3597 942 3662 altera
965 3602 1045 3661 sunt
1075 3596 1184 3661 adorti
1208 3593 1299 3686 [inde

226 3705 323 3769 tertia
348 3712 381 3771 et
401 3702 548 3796 quarta]
581 3709 614 3769 et
638 3704 795 3789 deinceps
828 3704 957 3790 reliqua
989 3703 1210 3790 omnibusque
1242 3725 1300 3770 eos

226 3811 346 3878 castris
369 3814 569 3898 expulerunt
592 3819 625 3879 et
647 3833 770 3898 magno
794 3835 933 3879 numero
955 3812 1128 3879 interfecto
1154 3812 1300 3898 reliquos
