2768 4200
442 205 560 262 cellit.
581 206 604 265 I.
624 205 708 260 CAP.
726 203 903 259 VIII-XII.
1187 199 1203 251 Ί

138 376 235 452 atquc
252 365 359 431 omnis
382 386 435 430 res
455 365 587 451 publica
601 365 730 430 senatui
747 365 933 449 populoque
956 364 1104 428 Romano
1128 382 1203 447 por·
1283 415 1285 419 Α

138 475 294 540 mittatur.
341 475 501 558 haecque
524 472 656 537 facilius
673 473 835 556 certisque
854 470 1105 537 condicionibus
1123 469 1205 535 fiant
1240 489 1253 527 e
1287 488 1289 500 ’

137 591 170 648 et
193 583 418 647 iureiurando
442 582 644 660 sanciantur,
661 588 718 646 aut
741 581 812 666 ipse
836 581 971 666 propius
991 581 1128 646 accedat
1147 586 1205 645 aut
1300 564 1304 569 ’

137 712 173 754 se
196 689 341 773 patiatur
357 690 536 755 accedere:
561 690 642 768 sore,
666 687 714 753 uti
730 711 787 772 per
810 688 976 773 colloquia
995 708 1108 751 omnes
1123 709 1208 751 con-¹

137 797 319 862 troversiac
343 803 592 880 componantur.

226 907 269 969 X.
287 903 443 988 Acceptis
466 903 632 969 mandatis
650 903 788 968 Roscius
803 924 880 968 cum
892 901 1035 968 Caesare
1053 901 1203 984 Capuam
1242 924 1252 964 1

138 1012 289 1094 pervenit
311 1011 423 1096 ibique
455 1010 608 1077 consules
636 1010 897 1095 Pompeiumque
926 1007 1065 1087 invenit;
1089 1014 1203 1091 postu-

138 1119 207 1182 lata
235 1118 387 1184 Caesaris
420 1117 596 1184 renuntiat.
642 1117 691 1182 illi
727 1117 907 1182 deliberata
934 1137 970 1180 re
1004 1116 1204 1198 respondent
1240 1139 1253 1178 2

139 1224 328 1309 scriptaque
352 1227 489 1290 adeum
512 1226 670 1290 mandata
692 1246 751 1309 per
774 1245 830 1288 eos
853 1222 1040 1300 remittunt3
1064 1242 1204 1306 quorum

138 1331 222 1394 haec
245 1337 317 1396 erat
334 1353 481 1396 summa:
503 1316 631 1398 'Caesar
653 1331 686 1396 in
712 1330 864 1397 Galliam·
880 1334 1108 1407 reverteretur,
1131 1327 1204 1392 Ari·
1240 1352 1253 1393 a

139 1437 227 1502 mino
251 1439 430 1505 excederet·
464 1438 627 1504 exercitus
661 1438 856 1518 dimitteret3
887 1458 972 1523 quae
1002 1435 1031 1500 si
1061 1435 1205 1515 lecisset,

141 1544 334 1628 Pompeium
363 1545 397 1608 in
425 1545 605 1630 Hispanias
635 1546 770 1611 iturum.
814 1546 950 1624 interca,
985 1546 1094 1628 quoad
1123 1544 1203 1608 fides
1240 1567 1252 1608 r

138 1657 227 1716 esset
259 1653 338 1716 data
367 1651 544 1716 Caesarem
567 1653 744 1732 facturum,
776 1673 861 1737 quae
889 1651 1107 1735 polliceretur,
1137 1671 1203 1715 non

138 1758 383 1823 intermissuros
406 1759 560 1824 consules
584 1759 846 1844 Pompeiumque
869 1758 1018 1824 dilectus

227 1866 287 1929 XI.
311 1866 392 1931 Erat
413 1864 526 1950 iniqua
543 1865 695 1930 condicio
718 1867 897 1950 postulare,
920 1871 956 1929 ut
980 1865 1104 1930 Caesar
1128 1863 1204 1928 Ari·
1243 1888 1253 1931 1

138 1971 228 2035 mino
251 1972 423 2036 excederet
445 1978 544 2056 atque
567 1973 601 2036 in
618 1972 824 2056 provinciam
843 1977 1071 2050 reverteretur,
1095 1971 1204 2055 ipsum

138 2085 170 2140 et
194 2079 383 2159 provincias
415 2086 447 2144 et
475 2079 623 2163 legiones
659 2080 830 2144 absentem
864 2084 993 2159 tenere;
1026 2079 1205 2144 exereitum

137 2184 294 2248 Caesaris
326 2186 410 2250 velle
446 2186 576 2265 dimitti,
600 2187 740 2251 dilectus
771 2188 910 2265 habere;
942 2187 1092 2271 polliceri
1116 2209 1151 2253 se
1169 2186 1204 2251 in
1241 2211 1254 2254 a

137 2293 345 2375 provinciam
368 2293 492 2359 iturum
520 2317 638 2379 neque,
671 2301 748 2361 ante
781 2316 881 2380 quam
905 2295 993 2359 diem
1018 2295 1123 2361 iturus
1152 2294 1204 2375 sit,

137 2401 282 2482 delinire,
305 2409 351 2482 ut,
376 2402 402 2466 si
426 2409 560 2487 peracto
579 2403 753 2468 consulatu
772 2402 927 2469 Caesaris
946 2425 1012 2467 non
1037 2405 1205 2486 profectus

136 2516 234 2589 esset,
257 2509 348 2574 nulla
364 2516 474 2574 tamen
494 2509 634 2574 medacii
656 2509 814 2594 religione
831 2510 1008 2575 obstrictus
1026 2510 1204 2574 videretur.

136 2625 266 2702 tempus
290 2639 368 2683 rero
391 2618 553 2703 colloquio
577 2640 643 2683 non
667 2621 746 2684 dare
769 2642 876 2704 neque
896 2641 1109 2686 accessurum
1131 2621 1204 2705 pol·
1240 2639 1254 2682 a

136 2725 226 2789 liceri
243 2747 403 2810 magnam
420 2726 513 2810 pacis
529 2725 794 2810 desperationem
817 2728 987 2793 afferebat.
1032 2728 1145 2813 itaque
1161 2729 1203 2792 ab
1241 2749 1254 2789 4

137 2831 287 2895 Arimino
305 2831 350 2895 M.
367 2831 549 2896 Antonium
568 2853 644 2896 cum
663 2832 892 2897 cohortibusV
910 2832 1076 2897 Arretium
1087 2832 1203 2913 mittit,

137 2938 207 3019 ipse
230 2939 373 3003 Arimini
396 2961 472 3004 cum
497 2941 628 3005 duabus
652 2939 802 3006 subsistit
824 2940 936 3025 ibique
961 2941 1118 3006 dilectum
1141 2942 1204 3006 ha-

136 3045 214 3107 bere
236 3043 394 3123 instituit3
417 3047 606 3120 Pisaurum,
630 3047 770 3127 Panum,
790 3049 962 3112 Anconam
988 3047 1128 3132 singulis
1147 3070 1205 3113 co·

136 3150 287 3215 hortibus
310 3160 460 3236 occupat.
768 3232 770 3236 ¹

224 3259 300 3323 ΧΠ.
326 3260 455 3325 Interea
473 3261 591 3326 certior
610 3262 719 3327 factus
735 3260 892 3346 lgurium
908 3261 1091 3326 Thermum
1108 3283 1204 3346 prae·
1244 3285 1253 3325 1

135 3373 240 3428 torem
260 3364 451 3431 cohortibus
468 3368 497 3432 V
513 3374 634 3445 tenere,
653 3369 810 3453 oppidum
835 3369 974 3448 nmnire,
993 3371 1205 3453 omniumque

134 3493 208 3535 csse
226 3471 443 3556 lguvinorum
462 3473 619 3556 optimam
643 3496 724 3560 erga
743 3497 778 3539 se
794 3476 1008 3557 voluntatem,
1027 3477 1205 3542 Curionem

134 3601 211 3643 cum
233 3579 338 3646 tribus
363 3579 566 3660 cohortibus
585 3603 670 3666 quas
690 3581 820 3647 Pisauri
837 3589 868 3647 et
884 3583 1027 3647 Arimini
1051 3584 1206 3657 habebat,

135 3686 244 3751 mittit.
290 3687 386 3752 cuius
410 3689 558 3752 adventu
582 3690 714 3773 cognito
738 3689 868 3755 diffisus
893 3689 1063 3773 municipii
1086 3689 1205 3752 volun·
1242 3711 1255 3753 a

134 3793 193 3857 tati
218 3793 381 3860 Thermus
406 3795 559 3860 cohortes
580 3818 619 3860 ex
643 3798 724 3861 urbe
748 3797 858 3863 educit
881 3804 915 3862 ct
937 3797 1107 3880 proluet.
1145 3797 1219 3854 xxix-
