2768 4200
398 208 516 273 COMM.
536 212 587 271 ΙΙΙ.
608 213 691 273 ΟΑΡ,
710 196 933 266 XLII-XLIV.
1143 194 1194 259 129

135 405 197 471 que
214 381 354 469 Pompei
371 383 434 450 hoc
453 380 562 448 acrius
580 377 704 444 instare
723 382 755 442 et
778 396 812 442 se
836 371 1006 440 turmatim
1030 370 1196 455 explicare

134 493 306 579 aciemque
329 499 476 559 nostram
500 510 520 553 a
543 488 644 553 latere
667 489 781 570 aperto
805 480 979 549 circumire
1009 484 1196 564 coeperunt.

135 599 223 686 quod
244 599 302 665 ubi
324 599 448 664 Caesar
471 593 620 661 animum
642 592 796 671 advertit,
819 592 956 675 quartae
979 585 1072 667 aciei,
1096 607 1196 671 quam
1220 603 1232 644 l

133 706 320 773 instituerat
343 725 401 768 sex
425 700 610 767 cohortium
640 721 789 780 numero,
821 696 913 763 dedit
936 695 1080 780 signum.
1120 695 1233 760 illae5

135 814 285 881 celeriter
307 815 584 898 procucurrerunt
611 807 806 893 infestisque
835 804 941 889 signis
974 809 1068 870 tanta
1098 802 1134 867 vi
1162 801 1198 867 in

135 917 273 1002 Pompei
296 917 422 1003 equites
443 917 604 1002 impetum
627 916 785 994 fecerunt,
808 917 982 978 uteorum
998 930 1095 976 nemo
1118 931 1197 974 con-

135 1023 267 1091 sisteret
289 1046 468 1111 omnesque
492 1023 644 1090 conversi
667 1044 735 1087 non
758 1020 864 1086 solum
887 1017 960 1083 loco
991 1016 1198 1099 excederent,

135 1133 196 1198 sed
229 1132 380 1218 protinus
407 1131 535 1198 incitati
562 1132 644 1217 fuga
673 1134 801 1196 montes
832 1126 1011 1193 altissimos
1039 1129 1198 1210 peterent.
1264 1214 1267 1219 Ι

136 1242 259 1328 quibus
281 1241 442 1308 submotis
465 1263 580 1307 omnes
603 1237 768 1325 sagittarii
783 1236 1030 1319 funditoresque
1052 1232 1201 1298 destituti

138 1348 309 1444 [inermes]
335 1372 395 1417 suo
418 1348 583 1437 praesidio
606 1344 772 1416 interfecti
801 1350 888 1425 sunt,
934 1344 1052 1410 eodem
1075 1342 1200 1427 impetu
1223 1357 1236 1400 o

138 1458 290 1526 cohortes
311 1459 480 1526 sinistrum
503 1480 605 1525 cornu
626 1454 853 1544 pugnantibus
875 1452 976 1518 etiam
999 1457 1070 1516 tum
1090 1471 1129 1515 ac
1148 1471 1201 1515 re-

137 1565 328 1634 sistentibus
358 1567 392 1633 in
427 1567 498 1634 acie
526 1565 738 1650 Pompeianis
766 1561 1002 1628 circumierunt
1029 1581 1151 1644 eosque
1182 1580 1202 1624 a

137 1679 229 1759 tergo
248 1681 326 1740 sunt
344 1676 489 1740 adortae.

225 1779 345 1846 XCIV.
370 1781 495 1846 Eodem
518 1786 666 1866 tempore
688 1778 821 1848 tertiam
843 1778 950 1846 aciem
969 1775 1104 1860 Caesar,
1117 1799 1202 1863 quae
1227 1790 1236 1832 ¹

138 1885 250 1972 quieta
273 1887 381 1954 fuerat
403 1893 436 1954 et
458 1910 495 1955 se
519 1890 562 1954 ad
584 1888 618 1954 id
641 1895 772 1975 tempus
793 1889 866 1955 loco
883 1892 1044 1969 tenuerat,
1063 1909 1202 1973 procur-

138 2011 211 2059 rere
233 1994 338 2060 iussit.
385 1996 432 2061 ita
456 2018 532 2062 cum
548 2003 697 2062 recentes
717 2002 816 2080 atque
832 1996 950 2080 integri
968 1994 1109 2061 defessis
1128 2016 1201 2060 suo·
1224 2006 1238 2049 2

139 2102 326 2184 cessissent,
339 2103 395 2168 alii
407 2110 519 2171 autem
538 2124 558 2168 a
577 2109 671 2188 tergo
684 2102 900 2189 adorirentur,
922 2102 1083 2168 sustinere
1100 2102 1202 2169 Pom-

139 2206 249 2292 peiani
283 2231 349 2274 uon
380 2214 558 2296 potuerunt
589 2216 689 2295 atque
719 2210 867 2277 universi
897 2219 992 2298 terga
1021 2217 1201 2279 verterunt.

140 2333 246 2398 neque
268 2333 347 2378 vero
378 2313 557 2379 Caesarem
589 2313 714 2396 fefellit,
745 2314 826 2400 quin
861 2316 904 2380 ab
926 2315 969 2381 iis
1000 2314 1239 2394 cohortibus,e

140 2443 225 2507 quae
248 2427 363 2487 contra
386 2421 569 2507 equitatum
592 2421 628 2486 in
652 2427 769 2506 quarta
792 2422 863 2487 acie
886 2422 1065 2487 collocatae
1083 2425 1203 2500 essent,

138 2527 269 2595 initium
287 2528 447 2594 victoriae
465 2533 621 2608 oreretur,
644 2533 681 2592 ut
703 2526 775 2613 ipse
797 2527 833 2592 in
856 2525 1070 2592 cohortandis
1088 2526 1203 2591 militi-

138 2633 202 2703 bus
225 2637 509 2724 pronuntiaverat.
556 2639 599 2703 ab
622 2635 676 2702 his
699 2635 788 2702 enim
810 2635 958 2722 primurn
973 2635 1140 2722 equitatus
1154 2641 1203 2702 est
1225 2654 1238 2695 4

139 2746 265 2831 pulsus,
288 2748 330 2813 ab
360 2747 468 2814 isdem
495 2747 604 2814 factae
633 2747 753 2813 caedes
783 2745 1041 2831 sagittariorium
1064 2767 1104 2811 ac
1125 2745 1202 2810 fuu-

139 2850 303 2930 ditorum,
332 2856 374 2918 ab
403 2854 511 2920 isdem
543 2855 632 2920 acies
660 2853 864 2937 Pompeiana
896 2873 916 2917 a
947 2852 1081 2918 sinistra
1110 2857 1204 2937 parte

140 2951 239 3044 [erat]
254 2955 429 3024 circumita
450 2972 549 3043 atque
571 2959 703 3025 initium
723 2960 823 3045 fugae
845 2961 981 3031 factum.
1023 2960 1082 3024 sed
1104 2958 1238 3026 Pom-a

140 3063 235 3149 peius
257 3070 294 3131 ut
316 3066 500 3151 equitatum
523 3088 621 3133 suum
644 3067 777 3152 pulsum
801 3067 886 3133 vidit
908 3073 1006 3153 atque
1029 3089 1104 3133 eam
1124 3090 1201 3155 par-

140 3176 216 3258 tem,
245 3169 300 3236 cui
334 3172 478 3237 maxime
504 3173 701 3254 confidebat,
731 3172 938 3258 perterritam
969 3172 1118 3239 animum
1142 3176 1202 3239 ad-

139 3279 248 3361 vertit,
272 3276 345 3344 aliis
369 3301 500 3367 quoque
522 3280 650 3347 diffisus
673 3280 745 3347 acie
767 3282 909 3348 excessit
930 3281 1144 3367 protinusque
1166 3304 1203 3348 se

139 3387 294 3454 incastra
311 3409 397 3475 equo
420 3389 559 3455 contulit
580 3395 613 3456 et
627 3389 668 3454 iis
692 3389 952 3472 centurionibus,
978 3411 1060 3475 quos
1076 3390 1110 3455 in
1132 3396 1201 3455 sta-
1223 3409 1237 3452 e

138 3495 227 3562 tione
248 3498 293 3562 ad
313 3496 512 3582 praetoriam
546 3503 675 3582 portam
699 3504 865 3584 posuerat,
889 3498 988 3583 clare,
1014 3504 1051 3565 ut
1082 3498 1202 3564 milites

140 3603 344 3687 exaudirent,
369 3603 523 3672 ‘tuemini
533 3607 551 3688 ³,
581 3605 698 3693 inquit,
722 3613 853 3674 ‘castra
873 3613 907 3675 et
932 3607 1099 3674 defendite
1126 3605 1202 3671 dili-

138 3719 264 3797 genter,
296 3712 325 3780 si
354 3715 436 3800 quid
469 3714 583 3782 durius
614 3715 781 3783 acciderit.
828 3738 890 3803 ego
913 3707 1058 3804 reliquas
1090 3719 1202 3800 portas

139 3817 303 3889 circumeo
329 3830 362 3891 et
385 3830 570 3892 castrorum
592 3825 760 3913 praesidia
783 3824 970 3908 confirmo,‘
1016 3825 1101 3891 haee
1125 3843 1201 3889 cum
1224 3839 1236 3884 r

190 3942 254 3992 Caes.
269 3961 346 3994 comm.
360 3951 387 3997 de
402 3954 460 4000 bello
475 3954 519 4001 οἶν.
751 4004 758 4016 ,
905 4002 913 4013 .
955 4000 963 4012 ⁴
1152 3947 1173 3985 Q
