2768 4200
180 202 231 258 106
540 205 591 259 DE
613 205 738 262 BELLO
759 207 880 262 CIVILI

179 366 307 429 nendae
341 386 461 429 manus
498 387 601 430 causa
641 373 883 450 temptaverat,
917 391 959 434 ne
1003 394 1042 435 ex
1085 371 1246 455 prcximrs

138 492 156 531 ι)
179 472 351 556 praesidiis
376 474 525 542 succurri
540 482 654 558 posset
671 500 726 540 -ε
750 498 816 540 uno
834 477 907 542 loco
930 478 1107 545 Volcacius
1131 479 1247 545 Tullus

178 581 338 664 impetum
362 581 502 665 legionis
525 582 682 647 sustinuit
705 583 897 679 cohortibus
919 584 1026 650 tribus
1049 592 1148 671 atque
1171 608 1246 652 eam

177 688 250 753 loco
274 688 418 772 depulit3
443 689 545 753 altero
562 688 722 754 Germani
742 691 943 756 munitiones
967 699 1098 758 nostras
1122 696 1247 778 egressi

179 797 404 880 compluribus
441 796 623 862 intersectis
661 819 735 862 sese
762 799 805 862 ad
835 819 912 863 suos
938 799 1121 866 incolumes
1154 823 1247 866 rece-

179 912 308 988 perunt.
1163 910 1168 918 '

142 1031 152 1069 ι
266 1011 354 1076 LIII.
379 1012 430 1075 Ia
452 1033 517 1074 uno
542 1013 595 1076 die
611 1012 659 1076 VI
678 1010 810 1095 proeliis
833 1012 1068 1092 lacustribus
1092 1016 1135 1078 ad
1152 1009 1247 1100 'Dyr-

106 1170 111 1185 .
177 1117 340 1196 rachium,
360 1117 466 1181 tribus
478 1118 521 1179 ad
537 1116 746 1201 munitiones,
766 1138 842 1182 cum
858 1118 977 1182 horum
993 1119 1141 1184 omnium
1165 1119 1248 1184 ratio

177 1226 365 1304 haberetur,
385 1225 428 1288 ad
447 1225 511 1287 duo
532 1223 623 1288 milia
642 1245 781 1288 numero
797 1247 837 1288 ex
856 1225 1069 1309 Pompeianis
1089 1226 1249 1290 cecidisse

137 1350 155 1390 z>
177 1333 434 1416 reperiebamus
457 1339 613 1396 evocatos
630 1331 908 1416 centurionesque
932 1334 1122 1416 complures
1146 1333 1194 1414 (in
1211 1354 1249 1397 eo

177 1441 240 1504 fnit
262 1461 400 1504 numero
424 1438 576 1502 Valerius
599 1439 741 1503 Flaccus
759 1439 797 1502 L.
821 1438 918 1516 filine,
936 1438 1016 1519 eius
1036 1440 1094 1523 qui
1117 1446 1250 1524 praetor

177 1548 293 1613 Asiam
325 1547 540 1634 obtinuerat);
565 1546 726 1630 signaque
759 1552 838 1611 sunt
859 1546 1015 1611 militaria
1046 1570 1105 1613 sex
1128 1548 1245 1614 relata.

177 1655 281 1720 nostri
303 1677 369 1720 non
389 1654 531 1738 amplius
547 1655 614 1718 XX
631 1655 786 1719 omnibus
810 1660 888 1719 sunt
911 1654 1045 1737 proeliis
1059 1657 1249 1726 desiderati.

140 1777 155 1815 ²³
179 1764 237 1828 sed
260 1763 294 1826 in
317 1763 453 1829 castello
477 1782 573 1825 nemo
600 1760 665 1825 init
687 1761 823 1825 omnino
848 1760 1000 1841 militum,
1025 1762 1106 1846 quin
1129 1763 1250 1829 vulne-

108 1889 111 1894 ’
179 1876 317 1950 caretur,
341 1875 562 1956 quattuorque
586 1891 627 1932 ex
652 1890 718 1933 una
741 1869 874 1933 cohorte
904 1868 1112 1933 centuriones
1136 1871 1251 1936 oculos

138 1978 378 2058 4anriscrnnt3
406 1984 539 2042 etcum
567 1977 689 2042 laboris
713 1977 765 2041 sui
793 1984 825 2042 et
856 1975 996 2060 periculi
1024 1977 1251 2042 testimonium

181 2086 298 2149 afferre
321 2086 455 2165 vellent,
472 2085 564 2149 milia
579 2085 777 2169 sagittarum
796 2084 926 2149 circiter
947 2083 1049 2148 XXX
1072 2084 1105 2146 in
1130 2084 1252 2149 castel-

179 2193 250 2256 lum
272 2194 423 2258 coniecta
445 2192 583 2259 Caesari
608 2192 895 2271 renuntiaverunt,
920 2197 1082 2276 scutoque
1106 2193 1250 2257 adeum

179 2300 281 2364 relato
306 2298 452 2363 Scaevae
484 2299 685 2364 centurionis
707 2299 843 2364 inventa
867 2299 1004 2364 suntin
1028 2320 1065 2363 eo
1089 2298 1254 2364 foramina

138 2420 155 2459 5
180 2405 320 2471 CXXX.
367 2427 467 2489 quem
490 2406 623 2490 Caesar,
654 2412 692 2470 ut
715 2411 785 2471 erat
808 2407 849 2470 (16
873 2427 909 2470 se
933 2406 1070 2471 meritus
1094 2412 1127 2471 et
1150 2408 1191 2472 de
1215 2427 1251 2471 re

179 2512 498 2597 publica,dcnatun1
516 2512 650 2577 milibus
667 2512 722 2578 CC
739 2513 1031 2598 collaudatumque
1055 2514 1096 2576 ab
1120 2512 1250 2578 octavis

180 2619 350 2684 ordinibus
374 2621 417 2684 ad
440 2619 585 2702 primum
600 2621 704 2703 pilum
728 2642 765 2685 sc
788 2623 1004 2686 transducere
1022 2621 1251 2704 pronuntiavit

180 2727 263 2814 (eius
280 2728 367 2792 enim
384 2749 484 2810 opera
502 2728 675 2792 castellum
693 2747 817 2811 magna
833 2749 874 2792 cx
897 2735 991 2812 parte
1015 2735 1250 2793 conservatum

137 2845 250 2898 lesse
284 2835 475 2922 constabat)
507 2834 743 2916 cohortemque
768 2839 883 2916 postea
918 2834 1044 2917 duplici
1075 2834 1252 2919 stipendio,

177 2942 355 3027 frumento,
372 2947 477 3022 veste,
494 2940 628 3006 cibariis
648 2940 913 3025 militaribusque
932 2942 1027 3006 donis
1046 2942 1254 3027 amplissime

178 3047 326 3112 donavit..

142 3167 151 3207 1
268 3155 354 3220 LIV.
383 3155 562 3238 Pompeius
585 3163 686 3221 noctu
710 3155 841 3240 magnis
866 3155 989 3220 additis
1012 3156 1254 3221 munitionibus

180 3262 316 3346 reliquis
340 3261 457 3326 diebus
480 3269 589 3328 turres
614 3263 757 3328 extruxit
780 3263 869 3328 etin
893 3263 1102 3329 altitudinem
1126 3266 1251 3346 pedum

178 3369 244 3434 XV
267 3370 394 3435 effectis
418 3371 574 3454 operibus
598 3371 705 3436 vincis
729 3393 803 3436 eam
827 3378 956 3455 partem
980 3378 1165 3437 castrorum
1191 3373 1253 3435 ob-

179 3476 258 3541 texit
277 3483 309 3540 et
328 3477 475 3562 quinque
497 3477 695 3542 intermissis
720 3478 836 3543 diebus
861 3480 999 3544 alteram
1018 3484 1149 3544 noctem
1173 3480 1255 3543 sub-

179 3582 329 3648 nubilam
352 3591 470 3648 nactus
494 3583 673 3649 obstructis
697 3585 852 3650 omnibus
884 3593 1068 3652 castrorum
1091 3585 1196 3670 portis
1221 3590 1255 3651 et

180 3690 225 3754 ed
258 3689 505 3774 impediendum
543 3692 691 3772 obiectis,
727 3693 825 3757 tertia
858 3694 943 3758 inita
976 3693 1092 3778 vigilia
1121 3693 1255 3758 silentio

182 3798 363 3862 exercitum
388 3800 500 3865 eduxit
524 3805 555 3863 et
578 3822 613 3864 se
636 3800 670 3864 in
691 3799 846 3884 antiquas
872 3801 1071 3866 munitiones
1094 3799 1230 3883 recepit.
