2768 4200
207 221 243 275 60
576 221 628 274 ΒΕ
646 218 772 276 BELLO
792 218 915 274 CIVlLI

169 399 183 440 4
207 383 402 453 excessisse.
448 381 501 446 his
524 381 666 466 cognitis
688 383 790 446 rebus
814 381 919 446 altera
954 403 995 445 ex
1018 380 1149 445 duabus
1171 379 1281 464 legio-

206 489 315 569 nibus,
334 510 421 574 quae
443 488 625 552 vernacula
648 487 890 573 appellabatur,
915 509 956 552 ex
975 487 1094 553 castris
1118 488 1283 553 Varronis·-

207 604 337 664 astante
360 602 393 662 et
410 596 616 680 inspectante
638 597 712 680 ipso
731 595 830 680 signa
846 596 980 661 sustulit
997 617 1136 680 seseque
1155 595 1277 679 Hispa-

205 703 264 769 lim
289 703 415 787 recepit
448 708 547 787 atque
581 702 616 767 in
650 703 721 767 soro
745 710 778 769 et
807 703 992 787 porticibus
1015 701 1088 768 sine
1115 703 1283 768 maleficio·

169 810 367 881 econsedit.
415 811 504 895 quod
527 811 651 875 sactum
676 812 759 874 adeo
785 811 857 875 eius
887 816 1071 875 conventus
1094 810 1186 876 cives
1208 813 1278 877 Ro-

207 918 301 983 mani
319 920 630 1002 comprobaverunt,
649 924 686 983 ut
701 920 838 983 domum
855 920 899 983 ad
917 940 953 984 se
977 917 1118 1003 quisque
1134 917 1280 1001 hospitio

170 1043 183 1082 o
208 1024 423 1108 cupidissime
446 1024 616 1109 reciperet.
664 1025 786 1109 quibus
816 1026 917 1090 rebus
949 1025 1142 1109 perterritus
1172 1026 1284 1089 Varro

207 1153 282 1195 curn
307 1130 425 1195 itinere
460 1152 623 1196 converso
656 1152 728 1196 sese
755 1131 909 1197 Italicam
932 1137 1111 1196 venturum
1134 1131 1281 1215 praemi-

206 1236 313 1317 sisset,
334 1235 455 1301 certior
479 1238 522 1301 ab
548 1236 617 1300 suis
641 1237 752 1301 factus
777 1243 828 1301 est
844 1235 1039 1319 praeclusas
1062 1257 1136 1300 esse
1155 1241 1279 1319 portas.

169 1348 277 1407 itum
300 1364 380 1408 vero
404 1343 496 1409 omni
526 1342 727 1407 interclusus
758 1342 877 1406 itinere
901 1343 945 1406 ad
976 1342 1156 1407 Caesarem
1179 1342 1286 1407 mittit.

205 1454 360 1533 paratum
385 1471 420 1514 se
444 1471 517 1514 esse
540 1450 717 1534 legionem,
738 1450 792 1514 cui
816 1449 959 1529 iusserit,
974 1451 1115 1517 tradere.
1162 1450 1218 1514 ille
1237 1451 1282 1515 ad

205 1579 281 1622 eum
315 1557 453 1623 Sextum
483 1557 662 1623 Caesarem
693 1557 795 1623 mitt't
825 1564 924 1641 atque
947 1555 1026 1620 huie
1056 1556 1144 1620 tradi
1177 1555 1280 1626 iubet.

168 1665 328 1730 otradita
361 1665 492 1749 legione
517 1667 623 1730 Varro
652 1664 844 1730 Cordubam
872 1666 915 1728 ad
951 1663 1132 1728 Caesarem
1164 1663 1277 1741 venit3

205 1772 318 1838 relatis
337 1774 380 1836 ad
399 1795 476 1837 eum
501 1771 643 1855 publicis
668 1794 745 1836 cum
768 1772 832 1836 fide
855 1771 1039 1836 rationibus
1064 1771 1153 1854 quod
1176 1791 1283 1854 penes

205 1902 282 1945 eum
307 1885 358 1944 est
380 1880 543 1964 pecuniae
560 1879 663 1946 tradit
685 1885 718 1944 et
734 1878 815 1964 quid
831 1879 956 1962 ubique
974 1879 1097 1942 habeat
1120 1877 1280 1942 frumenti

205 2007 246 2050 ac
269 1985 408 2050 navium
432 1987 585 2052 ostendit.

171 2110 181 2151 1
294 2093 388 2157 XXI.
424 2092 550 2159 Caesar
580 2092 732 2159 contione
762 2091 880 2157 habita
915 2091 1092 2157 Cordubae
1122 2091 1283 2156 omnibus

205 2199 391 2281 generatim
411 2201 537 2283 gratias
557 2201 644 2285 agit:
660 2201 792 2265 civibus
815 2199 985 2280 Romanis,
1005 2201 1094 2284 quod
1118 2199 1280 2284 oppidum

204 2307 239 2367 in
275 2325 337 2368 sua
371 2311 534 2388 potestate
568 2306 776 2373 studuissent
805 2307 951 2388 habere;
980 2307 1158 2391 Hispanis,
1189 2309 1279 2392 quod

205 2410 373 2494 praesidia
403 2412 624 2496 expulissent3
649 2413 840 2493 Gaditanis,
865 2415 954 2498 quod
984 2418 1124 2477 conatus
1155 2414 1281 2478 adver·

205 2517 367 2582 sariorum
401 2519 616 2603 infregissent
640 2541 780 2604 seseque
815 2521 849 2584 in
884 2520 1071 2585 libertatem
1105 2518 1278 2584 vindicas-

205 2629 296 2702 sent3
320 2623 463 2688 tribunis
490 2625 631 2689 militum
664 2626 1000 2709 centurionibusque,
1021 2624 1078 2708 qui
1112 2646 1150 2690 eo
1180 2645 1278 2708 prae-

204 2729 280 2793 sidii
303 2751 406 2793 causa
437 2735 607 2810 venerant,
632 2733 722 2813 quod
745 2752 860 2795 eorum
890 2731 1031 2796 consilia
1062 2753 1124 2795 sua
1152 2732 1280 2796 virtute

167 2859 181 2899 a
204 2839 468 2903 confirmassent.
515 2837 686 2920 pecunias,
710 2860 794 2922 quas
818 2845 913 2904 erant
936 2840 971 2904 in
994 2840 1165 2924 publicum
1190 2841 1277 2905 Var-

204 2945 277 3010 roni
301 2945 393 3010 cives
425 2943 565 3009 Romani
589 2944 737 3028 polliciti,
768 2947 922 3026 remittit3
946 2949 1035 3011 bona
1057 2946 1202 3011 restituit
1224 2946 1280 3026 iis,

204 3073 289 3136 quos
322 3051 459 3116 liberius
483 3052 611 3116 locutos
646 3053 735 3116 hanc
757 3074 900 3145 poenam
924 3053 1039 3118 tulisse
1062 3058 1277 3137 cognoverat.

203 3158 337 3223 tributis
361 3159 562 3242 quibusdam
585 3159 718 3244 populis
734 3158 939 3243 privatisque
954 3159 1112 3242 praemiis
1130 3158 1280 3243 reliquos

202 3263 236 3326 in
248 3269 417 3346 posterum
434 3265 524 3328 bona
536 3285 594 3348 spe
608 3263 752 3346 complet
767 3262 980 3347 biduumque,
988 3262 1166 3328 Cordubae
1185 3284 1280 3327 com·

167 3378 354 3435 amoratus
386 3369 499 3435 Gades
527 3371 765 3455 proficiscitur3
801 3369 962 3453 pecunias
995 3370 1278 3455 monimentaque,

157 3542 160 3547 ,
204 3498 289 3560 quae
306 3499 346 3541 ex
363 3477 442 3541 sano
465 3477 617 3542 Herculis
637 3477 758 3542 collata
773 3483 867 3541 eraut
889 3477 925 3541 in
943 3477 1111 3561 privatam
1130 3478 1279 3556 domum,

202 3585 318 3649 referri
341 3585 377 3648 in
392 3586 553 3667 templum
568 3584 670 3648 iubet.
717 3584 909 3667 provinciae
933 3584 974 3666 Q.
998 3584 1155 3649 Cassium
1179 3605 1279 3668 prae-

166 3716 180 3756 4
202 3690 288 3767 ficit3
311 3691 394 3755 huic
413 3691 461 3754 IV
483 3689 631 3774 legiones
651 3691 811 3756 attribuit.
856 3691 929 3775 ipse
950 3691 992 3756 iis
1014 3691 1168 3770 navibus,
1192 3712 1279 3775 quas

203 3797 249 3862 M.
276 3799 381 3862 Varro
412 3818 563 3882 quasque
599 3796 761 3868 Gaditani
795 3797 889 3862 iussu
924 3796 1083 3861 Varronis
1116 3796 1278 3877 fecerant,
