2768 4200
373 212 494 270 COMM.
513 212 537 268 I.
558 211 643 268 CAP.
662 210 937 266 xilv-XLVIII.
1151 216 1188 270 27

109 391 227 468 petum
251 384 414 448 adversus
438 384 587 444 montem
616 378 650 442 in
673 378 827 443 cohortes
850 379 979 445 faciunt
1001 382 1186 467 paucisque

109 490 418 575 deiectisreliquos
442 510 517 554 sese
539 492 733 553 convertere
756 493 890 571 cogunt.
936 489 1098 555 submotis
1122 493 1186 558 sub
1223 502 1236 542 ‘³

113 619 245 663 murum
269 594 463 661 cohortibus
491 615 531 658 ac
561 592 723 657 nonnulla
746 598 841 676 parte
868 599 1003 677 propter
1025 600 1185 660 terrorem

111 705 147 770 in
170 703 329 790 oppidum
352 701 533 787 compulsis
549 700 660 766 facilis
683 705 733 765 est
755 700 878 765 nostris
901 707 1056 784 receptus
1076 704 1184 768 datus.

111 814 280 898 equitatus
303 816 417 875 autern
439 814 552 874 noster
575 809 618 873 ab
649 811 789 890 utroque
818 808 931 886 latere,
960 807 1024 873 etsi
1047 808 1185 874 deiectis
1222 825 1235 865 3

111 929 214 1006 atque
247 917 460 983 inferioribus
491 915 574 981 Ioois
605 915 809 995 constiterat,
838 921 953 980 tamen
984 937 1117 979 summa
1149 916 1185 980 in

112 1028 232 1111 iugum
249 1026 372 1090 virtute
403 1023 559 1089 conititur
581 1030 681 1109 atque
704 1025 790 1090 inter
813 1024 897 1087 duas
921 1023 1010 1087 acies
1032 1023 1187 1106 perequi-

112 1143 190 1198 tans
223 1133 480 1199 commodiorem
514 1154 555 1197 ac
587 1133 740 1197 tutiorem
774 1131 897 1196 nostris
921 1137 1093 1216 receptum
1117 1132 1185 1196 dat.

112 1242 159 1305 ita
174 1241 268 1306 vario
284 1240 466 1307 certamine
482 1245 671 1324 pugnatum
695 1246 755 1304 est.
801 1238 906 1303 nostri
929 1237 1088 1321 inprime
1105 1260 1186 1302 oon·
1221 1255 1235 1295 4

111 1368 232 1431 gressu
256 1347 387 1414 circiter
409 1346 505 1412 LXX
527 1347 728 1422 ceciderunt,
753 1346 786 1411 in
803 1346 857 1411 his
881 1346 922 1427 Q.
945 1345 1121 1430 Fulginius
1145 1368 1186 1411 ex

112 1454 218 1537 primo
241 1455 373 1520 hastato
400 1452 543 1537 legionis
567 1453 670 1532 XIV.‚
695 1451 751 1537 qui
774 1458 907 1536 propter
936 1452 1092 1517 eximiam
1116 1453 1186 1518 vir-

110 1566 219 1626 tutem
239 1583 280 1627 ex
302 1559 517 1624 inferioribus
550 1560 724 1625 ordinibus
753 1560 787 1624 in
818 1580 892 1624 eum
923 1559 1033 1625 Iocum
1062 1583 1184 1644 perve-

112 1676 220 1748 nerat}
244 1670 466 1735 vuinerantur
490 1668 634 1753 amplius
658 1668 727 1738 DC.
775 1689 817 1732 cx
841 1667 1034 1732 Afranianis
1056 1668 1183 1732 intersi-
1220 1685 1233 1724 5

108 1777 243 1842 ciuntur
266 1777 304 1842 Τ.
327 1775 494 1841 Caecilius
516 1775 616 1859 primi
640 1775 698 1859 pili
723 1773 870 1840 centurio
895 1779 928 1839 et
950 1780 1083 1857 praeter
1106 1796 1183 1840 eum

110 1883 321 1947 centuriones
344 1884 403 1963 lv,
427 1883 548 1948 milites
572 1882 716 1966 amplius
739 1880 806 1946 CC.
1247 1873 1252 1882 ’

201 1990 338 2054 XLVII.
362 1990 427 2055 Sed
451 1991 537 2055 haec
560 1989 632 2054 eius
656 1988 723 2054 diei
737 1989 923 2072 praefertur
946 1987 1064 2073 opinio,
1088 1994 1126 2053 ut
1147 2009 1184 2054 se
1221 2009 1231 2049 1

111 2094 242 2177 utrique
266 2096 451 2179 superiores
484 2095 679 2170 discessisse
703 2094 950 2160 existimarent:
997 2095 1183 2177 Afraniani,
1219 2119 1232 2157 2

109 2203 211 2284 quod,
239 2223 316 2266 cum
346 2222 420 2267 esse
448 2201 599 2267 omniurn
628 2201 751 2267 iudicio
780 2202 953 2268 inferiores
980 2203 1183 2284 viderentur,

109 2308 299 2373 comminus
334 2316 402 2374 tam
437 2309 496 2373 diu
536 2310 704 2375 stetissent
734 2316 768 2375 et
802 2316 988 2376 nostrorum
1021 2309 1182 2394 impetum

109 2417 347 2482 sustinuissent
370 2423 402 2483 et
425 2419 469 2484 ab
491 2417 586 2483 initio
600 2418 711 2483 Iocum
734 2419 965 2503 tumulumque
988 2418 1184 2500 tenuissent,

111 2544 196 2606 quae
212 2546 315 2590 causa
334 2525 509 2614 pugnandi
526 2527 644 2604 fuerat,
663 2531 696 2591 et
718 2531 849 2591 nostros
870 2527 978 2610 primo
999 2546 1184 2610 congressu

107 2637 205 2714 terga
220 2639 349 2698 vertere
364 2634 574 2718 coegissent3
592 2633 699 2698 nostri
713 2639 836 2712 autem,
855 2632 969 2717 iniquo
990 2633 1064 2697 Ioco
1082 2639 1183 2718 atque
1218 2651 1232 2690 3

110 2737 232 2819 impari
256 2737 428 2822 congressi
450 2760 588 2803 numero
619 2738 709 2823 quod
733 2738 879 2822 quinque
903 2738 995 2802 horis
1019 2738 1181 2822 proelium

110 2843 354 2923 sustinuissent,
379 2847 468 2928 quod
501 2852 647 2910 montem
677 2845 800 2929 gladiis
823 2845 989 2910 destrictis
1013 2845 1183 2909 ascendis-

109 2956 195 3027 sent,
219 2954 308 3034 quod
332 2974 374 3017 ex
404 2953 477 3016 Ioco
501 2953 671 3036 superiore
695 2959 790 3035 terga
818 2958 947 3017 vertere
971 2951 1183 3015 adversarios

109 3056 300 3137 coegissent
331 3064 430 3141 atque
465 3058 501 3121 in
535 3057 696 3141 oppidum
731 3056 980 3140 compulissent.
1025 3056 1074 3121 illi
1104 3078 1182 3122 eum
1218 3083 1231 3124 4

107 3161 284 3242 tumulum,
307 3184 366 3247 pro
391 3185 456 3247 quo
478 3169 666 3247 pugnatum
689 3169 748 3245 est,
772 3165 905 3249 magnis
929 3165 1085 3250 operibus
1107 3188 1183 3231 mu·

110 3269 265 3335 niverunt
287 3270 556 3355 praesidiumque
577 3269 624 3336 ibi
647 3279 839 3355 posuerunt.

200 3378 354 3443 XLVIII.
388 3378 521 3443 Accidit
555 3378 657 3443 etiam
690 3380 901 3465 repentinum
930 3382 1180 3449 incommodum
1218 3405 1228 3446 1

109 3484 220 3564 biduo,
239 3506 306 3569 quo
329 3485 413 3550 haec
427 3492 525 3569 gesta
542 3491 629 3556 sunt.
676 3490 771 3551 tanta
794 3486 880 3552 enirn
897 3494 1079 3573 tempestas
1101 3510 1180 3555 coo·

108 3589 200 3668 ritur,
224 3597 261 3656 ut
284 3611 466 3675 numquam
490 3590 556 3656 illis
578 3590 661 3657 locis
682 3592 825 3659 maiores
841 3613 947 3679 aquas
970 3593 1074 3660 fuisse
1098 3615 1180 3659 con-

106 3703 221 3762 staret.
268 3702 340 3761 turn
364 3703 476 3763 autem
499 3720 540 3762 ex
562 3699 716 3765 omnibus
741 3700 911 3765 montibus
933 3698 1032 3765 nives
1059 3699 1182 3784 proluit
1215 3730 1229 3770 ‘2

108 3823 150 3867 ac
179 3823 328 3868 summas
357 3803 450 3887 ripas
476 3804 623 3870 fluminis
654 3805 826 3888 superavit
859 3811 1051 3890 pontesque
1074 3806 1201 3872 omne,
