2768 4200
172 202 223 261 1111
534 202 585 258 DE
606 202 729 260 BELLO
750 202 869 261 CIVILI

171 366 214 430 ab
238 386 275 429 eo
292 363 548 450 impetravisset,
573 370 609 430 ut
631 364 695 430 sibi
719 363 869 449 captivos
892 365 978 431 tradi
1000 365 1139 450 iuberet,
1162 388 1234 434 cm-

171 496 231 540 nes
266 476 443 558 productos
472 473 710 555 ostentationis
734 479 771 539 ut
802 472 995 555 videbatur,
1029 495 1141 555 causa,
1169 497 1235 561 quo

171 581 277 647 maior
298 583 457 667 perfugae
480 582 561 648 fides
584 581 775 663 haberetur,
799 581 1038 648 commilitones
1061 582 1236 666 appellans

172 697 204 754 et
227 711 350 775 magna
377 691 556 756 verborum
584 688 784 755 contumelia
806 688 1024 775 interrogans,
1051 691 1235 758 solerentne

172 798 321 864 veterani
343 799 464 864 milites
487 799 612 883 fugere,
635 795 671 861 in
695 796 842 862 omnium
860 802 1040 883 conspectu
1061 797 1235 865 interfecit.

138 922 147 962 1
261 908 400 974 LXXII.
417 908 477 973 His
495 909 594 972 rebus
613 911 743 971 tantum
765 905 905 972 fiduciae
929 928 969 973 ao
983 905 1120 992 spiritus
1134 907 1235 973 Pom·

171 1015 299 1100 peianis
323 1016 473 1096 accessit,
496 1019 532 1080 ut
555 1035 622 1079 non
645 1015 686 1078 de
708 1012 836 1079 ratione
859 1013 936 1079 belli
964 1013 1158 1099 cogitarent,
1178 1017 1237 1081 sed

135 1139 147 1178 ·-’
172 1125 293 1191 1161556
315 1125 382 1191 iam
399 1125 462 1191 sibi
477 1124 680 1190 viderentur.
727 1146 794 1189 non
810 1123 859 1189 illi
881 1124 1084 1208 paucitatem
1107 1130 1238 1190 nostro-

170 1254 243 1298 rum
266 1232 420 1312 militum,
443 1252 509 1295 non
531 1228 743 1316 iniquitatem
762 1230 828 1295 loci
844 1236 943 1314 atque
967 1230 1151 1315 angustias,
1168 1251 1236 1297 non

170 1339 420 1424 praeoccupatis
437 1338 555 1404 castris
572 1337 631 1428 [et]
648 1339 824 1422 ancipitem
844 1345 1002 1405 terrorem
1016 1339 1104 1405 intra
1127 1344 1238 1404 extra-

171 1470 236 1534 que
259 1447 470 1528 munitiones,
493 1468 561 1512 non
580 1446 748 1512 abscisum
767 1446 802 1511 in
819 1448 903 1512 duas
919 1452 1029 1532 partes
1048 1446 1238 1529 exercitum,

171 1577 248 1621 oum
262 1555 365 1621 altera
382 1553 475 1620 alteri
499 1553 658 1620 auxilium
677 1556 761 1619 ferre
776 1576 842 1620 non
858 1560 978 1639 posset,
994 1575 1116 1620 causae
1133 1554 1238 1620 fuisse

134 1677 147 1718 3
171 1662 372 1748 cogitabant.
419 1683 486 1727 non
509 1660 660 1726 adhaec
684 1661 853 1726 addebant
880 1683 946 1726 non
979 1681 1145 1726 concursu
1169 1660 1238 1726 acri

170 1770 269 1851 facto,
292 1791 358 1834 non
382 1768 506 1852 proelio
530 1767 733 1848 dimicatum,
762 1767 892 1854 sibique
914 1767 1004 1852 ipsos
1028 1766 1238 1836 multitudine

170 1885 269 1963 atque
299 1876 463 1962 angustiis
491 1874 601 1941 maius
630 1875 779 1942 attulisse
811 1874 1042 1941 detrimentum
1067 1895 1166 1959 quam
1195 1877 1237 1942 ab
1293 1940 1295 1944 Α

135 1989 265 2054 4116516
288 1986 504 2071 accepissent.
550 2006 616 2049 non
639 1985 783 2069 denique
813 2005 1008 2049 communes
1031 1983 1109 2048 belli
1139 2005 1237 2051 casus

169 2096 437 2174 recordabantur,
462 2114 563 2178 quam
593 2092 754 2177 parvulae
778 2114 877 2178 saepe
908 2112 1031 2158 causae
1056 2091 1109 2157 vel
1132 2092 1237 2159 falsae

170 2201 367 2288 suspicionis
391 2200 445 2266 161
469 2200 603 2265 16116115
626 2200 792 2284 repentini
818 2202 873 2266 vel
896 2200 1044 2267 obiectae
1066 2199 1237 2285 religionis

170 2329 292 2392 magna
323 2306 520 2372 detrimenta
541 2306 739 2389 intulissent,
765 2308 918 2394 quotiens
946 2308 1000 2374 vel
1028 2308 1122 2374 ducis
1155 2309 1237 2375 vitio

170 2416 224 2480 vel
240 2415 337 2499 culpa
351 2414 477 2480 tribuni
491 2414 526 2479 in
545 2416 690 2482 exercitu
707 2423 794 2484 esset
813 2418 997 2497 offensum3
1021 2419 1080 2483 sed
1098 2417 1238 2503 proinde

170 2521 253 2587 acsi
272 2521 393 2586 virtute
417 2521 576 2586 vicissent
591 2544 699 2608 nequo
717 2523 785 2589 ulla
802 2524 1015 2590 commutatio
1030 2546 1141 2590 rerum
1160 2546 1238 2611 pos-

169 2635 220 2695 set
242 2628 406 2710 acoidere,
428 2651 486 2714 per
503 2631 615 2695 orbern
631 2637 794 2698 terrarum
817 2632 907 2698 fama
931 2653 971 2699 ac
993 2631 1111 2700 litteris
1134 2634 1237 2701 victo·

168 2739 253 2804 riam
272 2738 342 2804 eius
365 2738 430 2804 diei
453 2740 738 2806 concelebrabant.

135 2861 144 2900 1
257 2847 413 2920 LXXIII.
438 2848 563 2914 Caesar
586 2851 628 2914 ab
653 2848 880 2934 superioribus
908 2849 1053 2916 consiliis
1076 2851 1237 2935 depulsus

169 2977 300 3022 omnem
329 2956 393 3021 sibi
425 2958 696 3022 commutandam
726 2957 805 3022 belli
835 2957 998 3024 rationem
1026 2958 1237 3030 existimavit.

168 3063 281 3148 itaque
305 3085 370 3128 uno
393 3068 540 3147 tempore
564 3063 741 3148 praesidiis
762 3064 918 3131 omnibus
942 3065 1092 3131 deductis
1121 3072 1154 3133 61
1177 3089 1239 3154 op-

169 3171 372 3256 pugnatione
402 3171 540 3236 dimissa
562 3177 743 3256 coactoque
766 3172 801 3236 in
825 3193 927 3238 unum
949 3172 1060 3238 locum
1088 3173 1239 3242 exercitu

133 3290 146 3331 ‘2
171 3277 359 3344 contionem
383 3280 473 3363 apud
503 3278 625 3344 milites
647 3279 765 3344 habuit
787 3281 1004 3367 hortatusque
1029 3285 1094 3356 est,
1121 3303 1163 3348 ne
1187 3304 1238 3364 ea,

170 3407 256 3471 quae
279 3384 488 3467 accidissent,
511 3386 659 3472 graviter
681 3387 806 3453 ferrent
828 3409 913 3453 neve
935 3388 988 3455 his
1010 3390 1111 3454 rebus
1133 3394 1236 3457 terre·

169 3500 283 3560 rentur
311 3492 489 3579 multisque
519 3495 674 3560 secundis
707 3495 840 3581 proeliis
872 3519 978 3564 unum
1000 3498 1180 3563 adversum
1204 3503 1238 3565 61

133 3600 205 3666 3id
240 3599 406 3667 mediocre
446 3609 659 3685 opponerent.
695 3603 885 3670 habendam
909 3605 1060 3670 fortunae
1090 3605 1236 3691 gratiam

169 3710 257 3794 quod
280 3693 412 3774 Italiam
431 3708 502 3774 sine
519 3709 628 3796 aliquo
653 3711 790 3778 vulnere
814 3713 1025 3798 recepissent,
1048 3714 1138 3800 quod
1151 3714 1236 3779 duas

167 3818 349 3905 Hispanias
365 3819 691 3888 bellicosissimorum
708 3822 879 3890 hominum
902 3823 1111 3911 peritissimis
1134 3830 1236 3912 atque
