2768 4200
386 191 506 248 Coun.
527 193 579 247 Ill.
600 193 684 251 CAP.
703 192 943 249 XLV-XLVII.
1150 193 1203 249 103

137 363 188 428 nis
210 362 270 427 IX.
295 361 404 426 subito
428 359 609 443 conspirati
631 361 699 444 pila
712 360 924 426 coniecerunt
943 367 975 426 et
993 384 1033 425 ex
1050 359 1203 424 inferiore

135 471 207 535 looo
231 471 394 534 adversus
419 468 543 532 olivum
565 468 694 533 incitati
717 490 817 533 cursu
840 469 1038 553 praecipites
1060 469 1203 552 Pompe-

135 576 229 641 ianos
252 581 392 658 egerunt
414 581 447 639 et
465 580 561 659 terga
583 581 711 640 vertere
727 582 924 660 coegerunt3
949 576 1070 661 quibus
1089 577 1132 640 ad
1149 597 1203 640 re-

133 685 324 770 cipiendum
348 690 456 750 crates
475 686 627 750 derectae
644 685 853 771 longuriique
875 685 995 751 obiecti
1018 692 1050 751 et
1072 684 1204 750 iustitu-

136 798 189 856 tae
205 791 317 856 fossae
335 811 458 875 magno
472 791 711 875 impedimento
731 793 874 857 suerunt.
914 794 1018 858 nostri
1041 815 1130 872 vero,
1147 790 1204 876 qui
1226 804 1239 845 6

134 898 218 964 satis
240 899 411 962 habebant
434 898 504 962 sine
534 898 729 964 detrimento
764 901 942 980 discedere,
977 900 1204 989 compluribus

135 1006 329 1085 interfectis
349 1007 379 1070 V
402 1007 536 1071 omnino
561 1028 696 1071 snorum
717 1007 848 1072 amissis
867 1008 1071 1091 quietissime
1094 1029 1129 1072 se
1152 1030 1204 1072 re-

134 1119 295 1198 ceperunt
317 1113 481 1196 pauloque
511 1115 594 1179 citra
620 1136 696 1178 eum
717 1115 827 1179 locum
851 1115 924 1181 aliis
957 1116 1205 1201 comprehensis

134 1220 276 1287 collibus
292 1220 495 1285 munitiones
513 1224 732 1305 perfecerunt.

225 1329 363 1394 XLVII.
381 1329 460 1393 Erat
484 1350 572 1393 nora
588 1336 620 1394 et
635 1330 792 1396 inusitata
807 1330 886 1396 belli
909 1331 992 1396 ratio
1015 1353 1091 1397 enm
1113 1337 1205 1396 tanto
1228 1337 1239 1380 1

135 1436 351 1503 castellorum
375 1456 514 1500 numero
530 1441 687 1520 tantoque
710 1438 817 1521 spatio
841 1446 873 1504 et
896 1439 997 1504 tantis
1017 1439 1207 1504 munitioni-

137 1544 202 1607 bus
226 1548 259 1607 et
281 1545 348 1605 toto
373 1539 555 1605 obsidionis
579 1561 710 1624 genere,
730 1550 799 1607 tum
816 1545 916 1631 etiam
939 1544 1075 1628 reliquis
1097 1546 1206 1609 rebus.

138 1672 218 1715 nam
242 1648 443 1733 quicumque
459 1648 599 1712 alterum
623 1649 772 1714 obsidere
797 1651 905 1715 conati
929 1657 1015 1730 sunt,
1039 1652 1244 1734 perculsosn

139 1764 240 1842 atque
263 1756 411 1820 infirmos
435 1755 550 1820 hostes
583 1757 700 1836 adorti,
724 1764 782 1822 aut
803 1757 929 1841 proelio
956 1762 1129 1840 superatos
1153 1763 1210 1822 aut

139 1866 254 1949 aliqua
277 1864 458 1929 offensione
484 1870 661 1946 permotos,
692 1864 934 1943 continuerunt,
959 1885 1035 1927 oum
1059 1862 1122 1947 ipsi
1146 1886 1210 1927 uu-

78 1986 81 1990 ’
138 1993 231 2037 mero
254 1969 401 2054 equitum
426 1969 633 2053 militumque
652 1975 872 2053 praestareut3
889 1990 992 2034 causa
1015 1975 1126 2034 autern
1151 1971 1246 2035 ob-s

141 2076 278 2142 sidiouis
302 2077 386 2141 haec
420 2077 489 2141 fere
513 2098 586 2141 esse
620 2077 810 2156 consuevit,
845 2084 882 2142 ut
910 2078 1076 2141 frumento
1099 2077 1212 2142 hostes

139 2185 360 2269 prohiberent.
408 2191 443 2249 at
476 2190 547 2249 tum
575 2183 722 2268 integras
757 2191 855 2268 atque
889 2183 1071 2248 incolumes
1099 2183 1213 2267 copias

141 2291 267 2356 Caesar
300 2289 454 2355 inferiore
488 2290 631 2356 militum
665 2312 802 2355 numero
832 2290 1033 2370 continebat,
1063 2312 1140 2355 cum
1162 2289 1213 2354 illi

138 2396 288 2462 omnium
312 2418 419 2460 rerum
437 2398 534 2481 copia
549 2399 767 2462 abundarent.
814 2397 934 2463 cotidie
958 2398 1046 2462 enim
1069 2418 1211 2481 magnus

139 2504 289 2599 undique
313 2503 451 2568 navium
482 2525 641 2570 numerus
672 2505 901 2587 conveniebat,
932 2527 1018 2590 quae
1042 2527 1211 2570 commea-

137 2622 212 2679 tum
247 2618 500 2695 supportarent,
540 2635 648 2698 neque
679 2614 768 2678 ullus
796 2615 877 2678 flare
914 2621 1034 2679 ventus
1066 2620 1211 2698 poterat,

139 2721 221 2805 quin
239 2718 352 2803 aliqua
375 2741 415 2783 ex
438 2725 530 2803 parte
560 2724 744 2787 secundum
768 2742 903 2786 cursum
926 2722 1108 2799 haberent3
1140 2721 1212 2804 ipse
1233 2744 1246 2785 5

138 2834 251 2893 autem
267 2826 473 2910 consumptis
489 2828 642 2893 omnibus
664 2828 763 2912 longe
780 2829 913 2912 lateque
931 2828 1104 2893 frumentis
1119 2848 1211 2892 surn-

140 2934 204 3000 mis
224 2941 294 2999 erat
309 2934 344 2998 iu
364 2935 540 3018 angustiis.
577 2937 636 3000 sed
649 2942 761 2999 tamen
776 2935 861 3000 haec
880 2935 1041 3019 singulari
1054 2934 1212 3019 patientia

140 3040 264 3106 milites
279 3041 440 3105 serebant.
476 3042 736 3106 recordabantur
753 3041 841 3106 enim
861 3043 978 3107 eadem
991 3063 1026 3106 se
1042 3040 1211 3126 superiore
1233 3065 1246 3107 o

141 3170 229 3214 anuo
247 3148 282 3213 in
297 3149 458 3233 Hispania
476 3171 651 3234 perpessos
669 3151 782 3214 labore
804 3156 836 3214 et
852 3149 1013 3234 patientia
1029 3149 1211 3215 maximum

141 3259 266 3324 bellum
290 3259 485 3339 coniecisse,
509 3259 730 3323 meminerant
753 3260 797 3323 ad
821 3258 968 3323 Alesiam
992 3279 1152 3342 magnam
1176 3279 1212 3323 se

141 3365 289 3449 inopiam
312 3387 496 3449 perpessos,
518 3367 621 3432 multo
646 3366 744 3430 etiam
772 3364 931 3429 maiorem
954 3366 998 3429 ad
1022 3362 1213 3443 Avaricum,

142 3472 367 3537 maximarum
392 3469 454 3564 [se]
486 3472 635 3557 gentium
659 3474 801 3538 victores
825 3471 1030 3537 discessisse.
1076 3492 1143 3535 nou
1166 3471 1249 3536 illiz

142 3581 305 3645 hordeum
328 3600 405 3644 cum
425 3581 568 3660 daretur,
592 3602 657 3644 non
680 3580 852 3665 legumina
875 3582 1092 3659 recusabant3
1112 3601 1214 3663 pecus

141 3708 233 3765 vero,
256 3685 351 3750 ouius
374 3685 423 3750 rei
452 3705 584 3751 summa
607 3693 679 3751 erat
709 3709 749 3751 ex
772 3687 870 3772 Epiro
894 3689 1001 3772 copia,
1025 3707 1147 3770 magno
1177 3686 1213 3750 iu

141 3793 268 3857 honore
290 3781 470 3857 habebant.
