2768 4200
403 212 524 270 COMM.
543 212 581 270 ΙΙ,
602 210 686 269 CAP.
705 211 940 270 XXVI—XXX.
1169 211 1204 266 65

134 376 172 440 in
196 375 368 440 obsidione
390 371 548 457 perpessi,
570 393 635 436 neu
658 392 718 455 pro
742 369 795 435 his
818 376 1016 456 pugnarent,
1041 391 1061 434 a
1085 370 1205 454 quibus

133 483 338 548 contumelia
361 482 521 566 perfugae
544 479 800 563 appellarentur.
835 479 903 543 huo
921 499 1029 562 pauca
1049 480 1092 544 ad
1111 500 1205 563 spem

137 589 324 675 largitionis
347 587 485 667 addidit,
513 607 599 670 quae
623 588 666 651 ab
692 607 755 650 sua
774 586 982 666 liberalitate,
1003 585 1032 651 si
1053 609 1089 652 se
1107 593 1205 670 atque

137 698 267 763 Attium
290 695 396 762 secuti
418 700 545 773 essent,
568 700 763 777 exspectare
785 694 953 758 deberent.
1000 694 1066 758 hac
1088 691 1206 757 habita
1228 715 1242 756 4

133 806 285 870 oratione
308 802 435 868 nullam
449 801 484 865 in
502 806 632 884 partem
649 801 692 865 ab
711 801 858 866 exercitu
873 799 1029 864 Curionis
1047 799 1084 864 fit
1100 798 1206 884 sigui-

136 913 258 993 ficatio,
281 918 381 996 atque
404 911 452 976 ita
474 931 554 975 suas
577 915 716 994 uterque
739 909 852 993 copias
874 909 1013 974 reducit.

226 1023 355 1089 XXIX.
375 1022 420 1086 At
442 1020 477 1085 in
501 1020 621 1086 castris
645 1017 800 1085 Curionis
823 1038 967 1103 magnus
990 1017 1140 1082 omnium
1155 1017 1207 1082 in·
1231 1035 1242 1076 1

135 1130 238 1196 cessit
261 1131 359 1196 timor·
382 1128 520 1207 animis3
544 1127 573 1192 is
596 1126 699 1191 variis
723 1125 896 1190 hominum
920 1125 1130 1191 sermonibus
1153 1147 1207 1190 ce-

136 1238 249 1304 leriter
267 1243 418 1322 augetur.
443 1235 673 1319 unusquisque
696 1233 787 1299 enim
810 1231 982 1316 opiniones
1005 1232 1154 1316 tingebat
1176 1239 1209 1297 et

135 1346 182 1409 ad
204 1345 249 1425 id,
273 1346 362 1430 quod
386 1345 428 1408 ab
452 1343 517 1408 alio
542 1342 702 1421 audierat,
727 1341 778 1406 sui
802 1341 930 1426 aliquid
953 1341 1081 1405 timoris
1103 1341 1207 1404 adde-

138 1454 206 1516 bat.
245 1452 310 1516 hoo
332 1451 390 1515 ubi
414 1472 481 1515 uno
499 1456 635 1516 auctore
651 1449 695 1513 ad
709 1448 820 1532 plures
836 1453 1093 1532 permanaverat
1108 1454 1208 1531 atque
1231 1460 1244 1501 2

135 1558 223 1623 alius
246 1559 303 1624 alii
326 1558 519 1635 tradiderat,
535 1557 647 1640 plures
671 1562 822 1621 auctores
846 1555 917 1620 eius
932 1555 978 1620 rei
997 1555 1208 1620 videbantur.

135 1671 209 1730 orat
232 1664 330 1730 civile
353 1664 494 1744 bellum3
518 1684 626 1747 genus
649 1662 841 1743 hominum,
866 1663 921 1727 oui
953 1663 1042 1748 quod
1071 1662 1208 1740 liberet,
1231 1691 1245 1733 3

137 1772 251 1837 liceret
274 1772 384 1836 facere
408 1777 441 1836 et
464 1769 574 1855 sequi,
599 1770 688 1854 quod
710 1770 828 1850 vellet3
852 1769 1001 1853 legiones
1024 1790 1098 1848 eae,
1123 1791 1209 1854 quae

137 1879 236 1960 paulo
260 1882 336 1941 ante
360 1878 450 1959 apud
474 1875 687 1940 adversarios
711 1877 843 1941 fuerant
866 1876 962 1962 (nam
992 1876 1093 1940 etiam
1124 1877 1211 1942 Cae-

136 1985 223 2048 saris
264 1983 463 2048 beneficium
506 1988 695 2048 mutaverat
733 1984 965 2064 consuetudo,
988 1975 1073 2068 'qua
1110 1986 1210 2048 offer-

136 2095 229 2154 retur
246 2138 385 2159 ......
389 2094 421 2171 );
446 2089 630 2173 municipia
653 2088 755 2154 etiam
784 2090 935 2154 adversis
967 2090 1120 2175 partibus
1152 2112 1246 2159 co·4

139 2199 280 2263 niuncta
304 2204 423 2281 (aeque
446 2197 535 2262 enim
555 2220 595 2262 ex
613 2197 736 2262 Marsis
754 2198 990 2284 Paelignisque
1005 2199 1211 2288 veniebant),

136 2313 172 2372 et
195 2306 252 2392 qui
277 2305 444 2390 superiore
467 2310 564 2369 noct'e
586 2304 622 2369 in
654 2305 882 2370 contuberniis
897 2355 1015 2376 ......
1040 2327 1211 2372 sermones

138 2414 282 2480 militum
311 2412 404 2477 dubii
427 2411 543 2476 durius
566 2411 832 2498 accipiebantur,
855 2415 1008 2479 nonnulli
1038 2415 1138 2480 etiam
1168 2416 1211 2480 ab

137 2524 190 2605 iis,
214 2522 272 2607 qui
294 2519 521 2606 diligentiores
543 2519 649 2584 videri
672 2521 839 2601 volebant,
861 2522 1083 2607 fingebantur.

227 2627 338 2699 XXX.
357 2627 487 2710 Quibus
511 2629 553 2691 de
575 2627 686 2693 causis
703 2629 841 2694 consilio
857 2636 1042 2695 convocato
1058 2630 1100 2694 de
1119 2651 1210 2695 sum·
1235 2653 1246 2694 1

137 2757 327 2801 marorum
351 2735 536 2800 deliberare
559 2735 688 2819 incipit.
722 2741 816 2801 erant
839 2736 1033 2814 sententiae,
1050 2757 1137 2821 quae
1154 2758 1211 2801 oo-

138 2843 288 2906 nandum
322 2841 478 2906 omnibus
512 2842 620 2907 modis
654 2849 831 2927 castraque
866 2844 947 2909 Vari
983 2847 1212 2930 oppugnanda

138 2952 325 3026 censerent,
344 2949 433 3032 quod
456 2947 651 3013 huiusmodi
673 2948 816 3014 militum
841 2950 988 3015 consiliis
1012 2951 1115 3016 otium
1138 2973 1212 3016 ma-

139 3053 228 3117 xime
249 3054 453 3118 contrarium
477 3075 550 3120 esse
574 3054 829 3134 arbitrarentur3
853 3064 1018 3139 postremo
1042 3066 1246 3140 praestares

138 3157 325 3246 [dicebant]
349 3180 409 3242 per
433 3159 590 3224 virtutem
613 3159 648 3224 in
671 3181 787 3245 pugna
808 3162 889 3226 belli
912 3162 1081 3228 fortunam
1109 3184 1210 3247 expe-

139 3264 195 3330 riri
220 3285 322 3349 quam
346 3267 493 3331 desertos
517 3271 551 3331 et
564 3266 811 3332 circumventos
826 3269 869 3333 ab
885 3269 955 3334 suis
971 3268 1211 3353 gravissimum

137 3371 341 3457 supplicium
364 3372 502 3457 perpeti.
550 3379 662 3454 erant,
686 3374 744 3458 qui
762 3381 935 3440 censerent
958 3377 1000 3442 de
1030 3376 1127 3442 tertia
1158 3376 1247 3445 vi-e

137 3478 221 3564 gilia
243 3478 279 3543 in
302 3478 424 3544 Castra
447 3477 601 3545 Cornelia
624 3482 865 3563 recedendum,
888 3489 925 3549 ut
948 3483 1073 3549 maiore
1103 3485 1210 3570 spatio
1240 3483 1242 3487 ’

138 3585 298 3672 temporis
320 3585 494 3652 interiecto
518 3587 661 3653 militum
684 3596 813 3656 mentes
833 3598 1039 3680 sanarentur,
1056 3592 1165 3673 simul,
1182 3593 1211 3658 si

137 3695 221 3780 quid
244 3693 382 3779 gravim
405 3694 596 3776 accidisset,
620 3718 745 3782 magna
768 3698 978 3765 multitudine
1008 3700 1147 3766 navium
1178 3708 1211 3782 et

138 3801 243 3868 tutius
265 3807 299 3866 et
320 3801 455 3867 facilius
477 3801 512 3867 in
535 3801 685 3870 Siciliam
707 3811 862 3889 receptus
886 3807 1032 3873 daretur.

197 3927 265 3971 Coos.
280 3940 358 3972 comm.
372 3927 400 3971 do
415 3927 474 3971 bello
489 3929 532 3972 niv.
1174 3921 1196 3958 ἶ)
