2768 4200
368 222 490 279 COMM.
509 221 533 278 I.
556 223 640 278 CAP.
659 222 971 278 LXXVII-LXXXI.
1166 224 1201 278 43

133 385 361 469 superioribus
377 383 602 449 consisterent.
649 404 728 447 nam
747 389 878 448 tanturn
897 384 940 447 ab
957 383 1105 467 equitum
1125 405 1202 449 suo·
1225 407 1238 445 n

132 512 205 555 rum
229 491 351 555 auxilia
375 491 525 570 aberant,
555 511 695 574 quorum
727 512 904 555 numerum
928 491 1099 556 habebant
1129 513 1202 556 ma-

131 619 248 682 gnum,
267 604 304 662 ut
320 619 376 663 eos
392 596 617 680 superioribus
634 597 827 680 perterritos
842 596 977 680 proeliis
996 598 1030 661 in
1056 598 1200 663 medinm

132 705 318 789 reciperent
336 724 458 787 agmen
481 704 634 787 ultroque
659 725 715 768 eos
738 709 930 782 tuerentur;
955 725 1097 788 quorum
1120 705 1202 769 nulli

130 834 173 876 ex
195 813 312 877 itinere
342 813 503 876 excedere
525 811 657 892 licebat,
688 811 767 896 quin
800 813 842 876 ab
867 811 1017 895 equitatu
1047 812 1202 878 Caesaris

133 918 351 1002 exciperetur.

221 1026 360 1091 LXXX.
385 1024 458 1090 Tali
481 1025 561 1089 dum
579 1031 748 1110 pugnatur
767 1027 876 1105 modo,
891 1026 979 1090 lente
996 1030 1095 1109 atque
1113 1047 1202 1109 pau-

136 1131 223 1197 latim
248 1132 447 1215 proceditur,
471 1133 662 1217 crebroque,
685 1138 723 1197 ut
752 1133 818 1197 sint
842 1133 965 1198 auxilio
989 1133 1068 1214 suis,
1092 1134 1201 1199 subsi-

142 1247 240 1321 rtunt3
271 1246 308 1304 ut
329 1246 402 1305 tum
425 1239 556 1304 accidit.
603 1239 697 1304 milia
719 1240 807 1306 enim
833 1242 1003 1326 progressi
1026 1242 1074 1307 IV
1096 1244 1239 1306 vebs-r

144 1347 341 1432 nentiusque
375 1346 554 1432 peragitati
589 1349 632 1412 ab
663 1348 813 1432 equitatu
853 1354 999 1414 montem
1031 1350 1201 1415 excelsum

150 1455 266 1538 apiunt
287 1454 400 1540 ibique
430 1454 466 1519 in
489 1455 597 1519 fronte
621 1460 736 1520 contra
758 1456 889 1521 hostem
912 1462 1024 1521 castra
1046 1456 1202 1521 muniunt

163 1582 240 1646 ique
270 1560 428 1626 iumentis
458 1581 560 1625 onera
589 1563 771 1644 deponunt.
829 1562 887 1627 ubi
912 1563 1067 1628 Caesaris
1091 1569 1238 1628 castras

168 1666 238 1732 ‚sita
259 1667 543 1752 tabernaculaque
567 1665 747 1732 constituta
769 1674 802 1732 et
816 1668 972 1734 dimissos
990 1669 1118 1753 equites
1141 1690 1202 1752 pa-

157 1773 269 1839 nlandi
292 1795 395 1839 causa
425 1772 574 1837 animum
602 1774 830 1854 adverterunt,
854 1794 929 1839 seso
952 1776 1062 1839 subito
1093 1775 1201 1858 prori-

130 1881 226 1965 piunt
254 1883 338 1947 hora
363 1881 494 1946 circiter
521 1885 616 1944 sexta
645 1881 795 1946 eiusdem
830 1880 896 1946 diei
923 1886 955 1946 et
985 1902 1079 1965 spem
1111 1881 1201 1946 nacti

140 2004 242 2063 norae
266 1986 416 2050 discessu
439 1990 629 2049 nostrarum
648 1984 798 2068 equitum
820 1985 883 2050 iter
902 1986 1013 2051 lacere
1027 1985 1200 2069 incipiunt.

167 2114 197 2156 ra
219 2115 255 2158 re
278 2093 513 2157 animadversa
543 2091 668 2157 Caesar
702 2092 840 2176 reliquis
871 2092 1059 2177 legionibus
1078 2096 1200 2170 subse·
1225 2118 1237 2156 4

175 2200 251 2278 itur,
279 2199 447 2284 praesidio
476 2198 724 2282 impedimentis
753 2220 879 2283 paucas
914 2200 1068 2265 cohortes
1098 2201 1200 2265 relin-

129 2306 216 2392 quit3
240 2307 324 2370 hora
346 2307 389 2370 X.
414 2305 574 2389 subsequi
596 2305 811 2388 pabulatores
831 2305 1027 2391 equitesque
1050 2308 1201 2371 revocari

128 2415 230 2481 iubet.
277 2414 426 2481 celeriter
442 2414 609 2498 equitatus
625 2415 669 2478 ad
685 2413 890 2479 cotidianum
910 2413 1038 2480 itineris
1055 2414 1200 2479 officium

128 2523 314 2589 revertitur.
347 2526 519 2607 pugnatur
534 2521 654 2585 acriter
668 2522 712 2586 ad
727 2521 948 2586 novissimum
964 2542 1098 2605 agmen,
1116 2523 1199 2586 adeo
1224 2545 1236 2583 a

128 2637 166 2693 ut
187 2650 292 2713 paene
316 2634 411 2712 terga
434 2633 640 2706 convertant,
664 2627 919 2711 compluresque
942 2626 1074 2707 milites,
1099 2626 1199 2692 etiarn

127 2735 279 2801 nonnulli
293 2733 512 2813 centuriones,
528 2732 778 2803 interficiuntur,
812 2733 961 2799 instabat
975 2755 1097 2818 agmen
1113 2735 1199 2799 Cae·
1273 2762 1276 2767 ·

126 2841 213 2906 saris
237 2847 335 2925 atque
359 2841 555 2905 universum
578 2838 784 2904 imminebat.

217 2948 372 3012 LXXXI.
390 2947 475 3011 Tum
493 2967 573 3010 vero
591 2967 700 3028 neque
718 2947 758 3009 ad
778 2946 1019 3030 explorandum
1042 2945 1198 3012 idoneum
1225 2971 1234 3011 1

128 3053 239 3116 locum
268 3052 386 3117 castris
417 3073 525 3135 neque
556 3052 600 3115 ad
632 3052 914 3135 progrediendum
937 3054 1016 3117 data
1040 3053 1199 3119 facultate

127 3159 316 3224 consistunt
338 3158 526 3223 necessario
549 3162 582 3222 et
602 3158 718 3242 procul
742 3160 784 3222 ab
808 3179 895 3243 aqua
931 3166 964 3224 et
991 3167 1112 3225 natura
1133 3160 1199 3225 ini-

127 3288 194 3350 quo
216 3267 290 3330 laco
318 3271 425 3329 castra
455 3270 591 3348 ponunt.
638 3265 698 3328 sed
727 3264 834 3329 isdem
861 3265 1038 3330 decausis
1064 3265 1199 3351 Caesar,
1223 3293 1235 3333 r

126 3393 213 3458 quae
236 3392 338 3454 supra
357 3377 436 3435 sunt
459 3372 714 3451 demonstratae,
730 3371 855 3455 proelio
879 3393 945 3436 non
968 3373 1112 3439 lacessit.
1160 3397 1198 3440 eo

127 3481 182 3545 die
204 3477 424 3544 tabernacula
458 3477 559 3543 statui
588 3499 710 3562 passus
733 3500 800 3542 non
834 3485 895 3558 ast,
928 3501 993 3563 quo
1016 3480 1200 3564 paratiores

126 3593 239 3652 essent
266 3587 309 3650 ad
338 3585 582 3669 insequendum
606 3605 735 3665 omnes,
769 3583 841 3649 sive
864 3591 964 3649 noctu
997 3585 1070 3650 sive
1092 3585 1198 3651 inter-

127 3695 187 3758 diu
210 3698 431 3776 erumperent.
480 3690 528 3754 illi
555 3691 790 3754 animadverso
815 3690 897 3755 vitia
921 3697 1106 3756 castrorum
1129 3699 1235 3777 tota3

127 3794 223 3864 nocte
242 3798 443 3864 munitiones
466 3798 638 3882 proferunt
662 3802 837 3881 castraque
854 3798 972 3864 castris
988 3806 1200 3865 convertunt.
