2768 4200
400 203 518 263 colim.
538 205 592 263 III.
609 206 692 267 CAP.
710 207 949 264 Lthnva.
1156 206 1207 264 113

142 372 226 440 ianis
249 372 354 459 copiis
377 379 478 459 atque
502 395 609 457 opere,
626 378 662 439 ut
677 372 989 453 demonstravimus
1012 374 1120 438 colles
1141 373 1205 439 oir-

131 481 372 562 cummuniret,
395 485 505 546 castra
528 501 565 545 eo
590 480 661 544 looo
684 479 804 564 posuit.
850 481 934 546 haec
958 479 1075 545 silvam
1101 502 1206 565 quan·
1230 493 1243 535 3

141 591 217 655 dam
242 588 479 674 contingebant
501 609 607 673 neque
630 587 762 672 longius
786 609 806 653 a
829 588 915 653 mari
942 588 1097 672 passibus
1121 588 1206 654 CCC

140 699 290 769 aberant.
344 703 419 783 post
456 701 583 761 mutato
616 696 752 762 oonsilio
791 696 989 782 quibusdam
1022 699 1064 762 de
1098 697 1243 763 causis4

83 825 86 831 ·
140 804 266 871 Caesar
287 804 387 888 paulo
411 803 498 869 ultra
522 825 598 869 eum
621 804 732 868 locum
752 809 862 869 castra
877 803 1098 884 transtulerat,
1122 824 1207 888 pau-

140 911 255 999 cisque
277 911 475 978 intermissis
507 911 624 976 diebus
648 913 765 977 eadem
795 912 879 978 liaeo
903 911 1082 997 Pompeius
1106 933 1206 977 oocu-

138 1024 278 1105 paverat
300 1024 342 1099 et,
366 1020 456 1103 quod
478 1039 516 1083 eo
540 1018 612 1083 loco
632 1019 743 1103 plures
767 1025 837 1086 erat
850 1018 999 1104 legiones
1022 1018 1207 1101 habiturus

138 1126 253 1193 relicto
289 1125 442 1192 interiore
476 1126 566 1191 vallo
600 1126 759 1193 maiorem
790 1127 957 1193 adiecerat
981 1126 1206 1193 munitionem.

137 1234 184 1301 ita
207 1234 337 1300 minora
360 1239 470 1300 castra
493 1233 624 1300 inclusa
646 1234 827 1301 maioribus
846 1235 974 1301 castelli
998 1241 1097 1321 atque
1121 1235 1206 1301 arcis
1229 1248 1242 1289 5

137 1342 248 1409 locum
283 1342 485 1409 obtinebant.
531 1341 610 1408 item
642 1345 684 1408 ab
708 1345 830 1429 angulo
861 1349 1044 1409 castrorum
1075 1343 1242 1409 sinistros

138 1451 357 1517 munitionem
397 1451 441 1516 ad
475 1451 599 1515 flumen
639 1452 832 1533 perduxerat
876 1451 1005 1517 circiter
1045 1472 1205 1535 passuum

139 1556 263 1639 CCCC,
291 1579 356 1642 quo
387 1546 524 1622 liberius
548 1577 588 1621 ao
618 1555 690 1621 sine
720 1556 867 1641 periculo
897 1557 1019 1623 milites
1040 1579 1206 1642 aquaren-

138 1674 201 1735 tur.
240 1668 300 1733 sed
320 1665 349 1731 is
373 1687 504 1751 quoque
528 1671 653 1731 mutato
677 1666 813 1731 oonsilio
837 1667 1036 1751 quibusdam
1060 1668 1102 1732 do
1126 1687 1204 1731 cau·
1228 1677 1241 1721 7

138 1776 197 1858 εἰς,
220 1796 305 1861 quas
327 1773 579 1840 commemorari
602 1795 737 1840 necesse
760 1796 826 1839 non
849 1779 908 1854 est,
932 1795 969 1838 eo
992 1773 1066 1838 loco
1090 1794 1205 1839 exces-

139 1890 237 1951 serat.
294 1882 342 1948 ita
374 1882 559 1966 complures
596 1881 666 1947 dies
696 1882 824 1947 inania
861 1884 1051 1947 manserant
1078 1885 1204 1961 castra3

138 1992 340 2060 munitiones
364 1991 498 2077 quidem
522 2013 634 2056 omnes
653 1991 803 2076 integrae
828 1996 930 2056 erant.

227 2099 362 2167 LXVII.
388 2100 435 2164 Eo
454 2097 552 2182 signa.
566 2097 707 2183 legionis
723 2098 815 2164 illata
831 2097 1055 2182 speculatores
1068 2096 1206 2163 Caesari
1230 2108 1240 2152 1

137 2208 377 2275 renuntiarunt.
423 2206 488 2270 hoc
510 2206 598 2271 idem
621 2205 732 2272 visum
756 2205 1044 2291 exsuperioribus
1068 2206 1205 2292 quibus-

138 2317 216 2383 dam
239 2315 384 2383 castellis
404 2315 699 2402 ,confirmaverant
752 2314 781 2378 is
808 2315 899 2379 locus
923 2316 1081 2380 aberata
1111 2298 1241 2379 nonies

138 2423 277 2508 Pompei
299 2424 417 2488 castris
437 2421 569 2488 oiroiter
592 2443 711 2507 passus
736 2421 944 2507 quingentos
990 2422 1079 2487 hanc
1102 2421 1206 2507 legio·

137 2552 214 2597 nem
237 2552 374 2615 sperans
399 2529 522 2596 Caesar
545 2552 580 2595 se
604 2529 789 2614 opprimere
806 2550 904 2614 posse
923 2536 955 2595 et
973 2529 1111 2614 cupiens
1135 2529 1205 2595 eius

138 2637 204 2704 diei
227 2638 463 2705 detrimentum
479 2636 602 2702 sarcire
620 2637 752 2722 reliquit
770 2637 804 2703 in
821 2659 918 2722 opere
935 2637 1087 2703 cohortes
1111 2640 1205 2717 dune,

137 2768 224 2832 quae
247 2746 393 2832 speciem
421 2745 613 2811 munitionis
645 2747 861 2830 praeberent3
893 2744 964 2829 ipse
987 2743 1118 2809 diverso
1150 2743 1240 2808 iti-3

137 2877 215 2921 nere
238 2876 338 2941 quam
358 2853 464 2938 potuit
487 2853 707 2918 occultissime
724 2853 867 2937 reliquas
883 2852 1045 2929 cohortes
1068 2872 1205 2916 numero

136 2962 298 3042 XXXIII,
320 2961 355 3026 in
379 2961 500 3046 quibus
524 2966 594 3025 erat
617 2960 702 3044 legio
723 2981 810 3024 nona
832 2960 946 3025 multis
971 2959 1102 3025 amissis
1127 2981 1204 3024 oen-

136 3070 322 3137 turionibus
345 3068 579 3153 deminutoque
614 3067 755 3133 militum
784 3089 931 3149 numero,
966 3069 1010 3133 ad
1039 3068 1205 3153 legionem

135 3178 275 3264 Pompei
306 3183 481 3262 castraque
503 3176 633 3242 minora
656 3176 781 3260 duplici
804 3176 875 3241 acie
906 3176 1027 3242 eduxit.
1096 3182 1240 3262 neque4

135 3308 213 3355 eum
236 3285 344 3372 prima
367 3285 478 3370 opinio
495 3284 622 3350 sesellit.
668 3304 746 3348 nam
771 3289 803 3349 et
822 3284 983 3367 pervenit,
1007 3284 1204 3370 priusquam

134 3393 315 3478 Pompeius
339 3393 459 3459 sentire
474 3397 595 3477 posset,
612 3397 644 3458 et
667 3391 800 3485 tametsi
822 3398 916 3458 erant
932 3391 1131 3458 munitiones
1146 3414 1204 3458 oa-

134 3508 279 3569 strorum
302 3522 454 3586 magnae,
492 3507 602 3564 tamon
638 3498 771 3564 sinistro
795 3520 908 3579 cornu,
939 3498 996 3563 ubi
1020 3506 1091 3565 erat
1121 3499 1203 3584 ipse,

134 3609 283 3677 celeriter
301 3628 480 3694 aggressus
503 3607 723 3691 Pompeianos
740 3631 780 3673 ex
797 3607 883 3672 vallo
900 3606 1098 3675 deturbavit.
1133 3615 1205 3673 erat
1226 3610 1239 3653 ³

134 3716 283 3782 obiectus
298 3721 411 3801 portae
430 3714 560 3780 ericius.
594 3715 649 3781 hic
665 3715 832 3801 paulisper
849 3722 899 3782 est
912 3722 1109 3801 pugnatum,
1126 3738 1202 3782 oum

134 3822 318 3908 irrumpere
341 3822 446 3888 nostri
470 3827 678 3903 conarentur,
702 3823 749 3888 illi
773 3828 883 3889 eastra
906 3822 1118 3888 defenderent
1136 3823 1203 3888 for-

192 3949 263 3997 caen.
279 3959 354 3992 comm.
370 3946 396 3989 de
410 3946 468 3990 bello
484 3946 527 3990 eir.
1155 3945 1176 3986 Q
