2768 4200
176 199 228 255 104
540 198 591 252 DE
612 198 737 254 BELLO
757 198 878 252 Cll'lLl

138 379 150 421 1
264 360 421 425 XLVIII.
447 360 505 424 Est
528 358 629 424 etiam
652 380 761 443 genus
784 358 906 424 radicis
929 358 1104 424 inventum
1128 361 1171 424 ab
1191 359 1245 438 iis,

175 469 232 555 qui
255 470 386 533 fuerant
409 470 451 532 ab
475 467 629 546 oleribus
660 469 749 552 quod
784 468 968 552 appellatur
998 468 1122 546 chara3
1155 469 1244 552 quod

174 575 358 641 admixtum
381 576 467 640 lacte
490 575 632 638 multum
655 575 802 659 inopiam
832 576 975 640 levabat.
1023 575 1057 639 id
1081 578 1124 640 ad
1148 575 1242 640 simi-

137 701 150 742 2
172 684 346 750 litudinem
365 682 461 767 panis
477 682 673 748 efficiebant.
720 684 790 749 eius
809 692 881 750 erat
903 706 1028 769 magna
1050 685 1157 769 copia.
1205 706 1244 748 ex

172 791 237 857 hoc
261 793 396 858 effectos
420 811 535 875 panes,
560 812 637 855 cum
659 791 694 854 iu
717 791 892 875 colloquiis
914 792 1108 877 Pompeiani
1132 792 1243 855 samen

172 899 294 965 nostris
318 900 530 978 obiectarent,
553 899 652 983 vulgo
676 898 711 963 in
735 920 791 962 eos
810 899 986 979 iaciebant,
1009 904 1046 963 ut
1069 919 1161 982 spem
1187 920 1244 962 eo-

172 1027 246 1073 rum
270 1008 469 1075 minuerent.

138 1132 147 1173 1
262 1115 383 1179 XLIX.
416 1114 555 1199 lamque
584 1114 751 1177 frumenta
786 1119 1008 1178 maturescere
1030 1111 1244 1196 incipiebant,

174 1228 272 1306 atque
295 1220 369 1304 ipsa
393 1242 469 1304 spes
493 1220 640 1303 inopiam
663 1220 882 1300 sustentabat,
908 1220 996 1303 quod
1027 1219 1177 1283 celeriter
1208 1240 1245 1284 se

136 1349 149 1389 a
172 1328 345 1394 habituros
365 1328 494 1411 copiam
512 1328 738 1404 confidebant;
756 1328 956 1410 crebraeque
981 1347 1081 1390 voees
1101 1326 1244 1391 militum

171 1437 207 1501 in
230 1432 363 1500 circulis
388 1433 626 1519 colloquiisque
644 1433 873 1513 audiebantur,
893 1433 984 1517 prius
1001 1456 1036 1498 se
1059 1434 1181 1498 cortice
1205 1457 1245 1498 ex

86 1572 92 1583 ¹
173 1541 347 1608 arboribus
366 1539 513 1605 victuros
538 1562 639 1625 quam
661 1541 858 1624 Pompeium
874 1564 892 1606 e
909 1541 1063 1606 manibus
1086 1541 1245 1607 dimissu-

136 1667 236 1715 aros
290 1649 429 1714 libenter
465 1649 564 1714 etiam
600 1671 640 1712 ex
675 1649 824 1733 perfugis
858 1650 1105 1733 cognoscebant
1132 1672 1243 1733 equos

172 1777 286 1821 eorum
301 1756 446 1833 tolerari,
465 1756 593 1840 reliqua
608 1777 686 1820 vero
701 1755 849 1820 iumenta
868 1756 1036 1835 interisse;
1060 1755 1109 1820 uti
1132 1766 1244 1821 autem

171 1866 261 1949 ipsos
292 1863 484 1930 valetudine
508 1885 573 1928 non
596 1865 684 1928 bona
707 1885 782 1928 cum
815 1864 977 1948 angustiis
1000 1864 1065 1928 loci
1088 1870 1120 1928 et
1143 1866 1244 1930 odore

171 1979 275 2037 taetro
300 1995 340 2037 ex
363 1971 573 2036 multitudine
597 1973 799 2035 cadaverum
818 1976 851 2036 et
874 1970 1050 2036 cotidianis
1072 1972 1244 2038 laboribus

135 2094 149 2136 4
171 2081 317 2145 insuetos
333 2102 480 2164 operum,
497 2086 567 2144 tum
584 2101 691 2164 aquae
707 2100 838 2144 summa
856 2078 969 2162 inopia
987 2081 1134 2146 affectos.
1171 2101 1244 2144 orn-

172 2188 228 2252 nia
252 2189 339 2253 enirn
362 2187 499 2252 flumina
524 2193 623 2271 atquc
646 2207 761 2251 omnes
784 2186 884 2266 rivos
904 2186 959 2270 qui
984 2188 1027 2250 ad
1051 2208 1142 2253 mare
1167 2211 1243 2272 per-

172 2293 332 2374 tinebant,
357 2295 481 2360 Caesar
505 2300 562 2358 aut
581 2287 747 2358 averterat
771 2300 829 2358 aut
851 2294 984 2378 magnis
1008 2294 1164 2378 operibus
1188 2299 1242 2361 ob-

171 2408 346 2481 struxerat,
371 2408 470 2485 atque
503 2408 538 2466 ut
567 2406 661 2466 erant
688 2402 762 2465 loca
787 2410 962 2467 montuosa
990 2408 1022 2467 et
1051 2404 1094 2467 ad
1122 2424 1244 2485 specus

171 2510 345 2594 angustiae
369 2510 517 2589 vallium,
541 2510 604 2574 has
628 2511 763 2575 sublicis
780 2510 951 2574 interram
975 2509 1129 2575 demissis
1146 2531 1244 2593 prac-

171 2624 341 2701 saepserat
363 2624 552 2702 terramque
576 2619 780 2702 adgesserat,
811 2623 848 2682 ut
872 2637 993 2700 aquam
1026 2594 1244 2682 continarobt.

134 2748 147 2789 5
169 2724 216 2789 ita
238 2723 288 2788 illi
311 2724 501 2789 necessario
524 2725 598 2789 loca
614 2723 709 2808 sequi
728 2724 875 2788 demissa
893 2745 933 2788 ac
950 2723 1113 2806 palustria
1130 2730 1163 2787 et
1179 2745 1243 2807 pu-

169 2838 239 2896 teos
263 2833 375 2896 fodere
391 2834 596 2915 cogebantur
614 2839 714 2915 atque
737 2831 827 2896 hunc
845 2832 994 2896 laborem
1011 2833 1054 2896 ad
1077 2831 1244 2896 cotidiana

170 2959 272 3022 opera
286 2940 472 3018 addebant3
493 2939 549 3023 qui
565 2946 677 3004 tamen
697 2940 803 3003 sontes
817 2960 837 3002 a
853 2941 1050 3023 quibusdam
1068 2938 1243 3021 praesidiis

133 3045 308 3110 baberent
330 3042 462 3127 longius
497 3049 529 3108 et
557 3044 706 3109 celeriter
741 3045 888 3109 aestibus
912 3045 1161 3109 exaresoebant.
1209 3052 1243 3109 at

170 3151 324 3216 Caesaris
357 3151 520 3216 exercitus
544 3151 669 3234 optima
700 3152 891 3216 valetudine
915 3149 1069 3215 utebatur
1099 3172 1244 3235 cumque

171 3281 277 3345 aquae
302 3259 409 3342 copia,
434 3265 503 3323 tum
528 3264 734 3324 commeatus
758 3259 848 3324 omni
871 3280 992 3343 genere
1016 3266 1147 3341 praeter
1170 3259 1244 3321 l'ru-

170 3373 319 3432 mentum
333 3368 542 3446 abundabat-3
560 3366 681 3450 quibus
698 3367 818 3431 cotidie
835 3366 952 3431 melius
964 3367 1143 3430 succedere
1157 3372 1243 3430 tem-

170 3496 235 3559 pus
259 3474 483 3558 maioremque
507 3495 601 3557 sporn
624 3472 814 3537 maturitate
838 3472 1080 3537 frumentorum
1104 3472 1244 3555 proponi

172 3584 341 3647 videbant.

134 3715 145 3758 1
259 3688 296 3752 L.
320 3689 359 3751 In
383 3707 469 3753 novo
493 3710 613 3773 genere
632 3687 711 3753 belli
730 3709 838 3752 novae
859 3688 901 3751 ab
921 3686 1069 3771 utrisque
1092 3686 1240 3751 bellandi

168 3795 314 3865 rationes
349 3796 609 3880 reperiebantur.
656 3795 703 3859 illi
739 3816 815 3860 curn
852 3787 1165 3859 animadvertissent
1199 3817 1240 3860 ex
