2768 4200
367 188 486 247 COMM.
506 188 559 244 III.
582 186 665 243 CAP.
686 185 893 244 XCVIII-CI.
1122 187 1172 244 133

198 352 253 425 Cl.
277 353 387 419 Isdem
412 351 480 418 sere
503 349 706 435 temporibus
721 350 859 417 Cassius
878 373 955 417 oum
978 350 1084 418 classe
1107 351 1171 440 Sy·
1197 367 1208 413 1

108 483 220 528 rerum
236 467 270 528 et
286 460 490 527 Phoenicum
513 465 546 526 et
561 459 702 526 Cilicum
718 458 753 525 in
768 459 916 526 Siciliam
933 461 1033 543 venit,
1049 465 1173 527 etcum

110 576 199 636 esset
221 569 375 636 Caesaris
403 567 520 634 classis
555 567 665 634 divisa
694 567 729 632 in
760 569 844 635 duas
871 574 992 655 partes,
1016 569 1173 636 dimidiae

109 675 195 763 parti
218 680 386 763 praeesset
407 675 445 746 P.
470 673 637 759 Sulpicius
665 680 798 760 praetor
821 676 949 742 Vibone
972 678 1015 742 ad
1042 677 1172 757 fretum,

108 784 265 851 dimidiae
285 784 330 850 M.
354 782 558 868 Pomponius
581 784 625 847 ad
647 783 847 866 Messanam,
866 783 958 869 prius
974 783 1109 850 Cassius
1131 786 1172 849 ad

108 896 300 962 Messanam
323 895 465 961 navibus
489 892 669 974 advolavit,
693 914 792 977 quam
815 893 1020 978 Pomponius
1039 896 1079 960 de
1103 893 1173 959 cius

108 1004 254 1070 adventu
277 1007 503 1088 cognosceret,
522 1003 817 1087 perturbatumque
840 1025 916 1068 eum
933 1010 1051 1070 nactus
1074 1003 1173 1070 nullis
1196 1017 1208 1060 2

107 1110 267 1207 cpstodiis
285 1132 392 1197 neque
415 1109 586 1175 ordinibus
602 1110 700 1176 certis
716 1132 838 1196 magno
857 1117 956 1177 vento
980 1117 1013 1178 et
1027 1113 1173 1178 secunde

107 1221 289 1307 completas
313 1218 483 1285 onerarias
515 1239 619 1283 naves
646 1219 744 1284 taeda
768 1225 800 1285 et
822 1218 896 1304 pice
919 1225 951 1286 et
974 1225 1073 1304 stupa
1095 1219 1172 1285 reli-

108 1328 249 1414 quisque
271 1329 379 1408 rebuS‚
408 1332 595 1413 quaesunt
621 1332 719 1411 aptae
757 1328 801 1393 ad
819 1326 982 1410 incendia,
1013 1327 1049 1392 in
1071 1327 1172 1393 Pom-

107 1437 287 1524 ponianam
313 1437 457 1503 classem
487 1434 625 1502 immisit
654 1441 754 1522 atque
784 1458 897 1502 ornnes
926 1458 1030 1503 naves
1059 1436 1172 1503 incen-

106 1546 156 1612 dit
178 1546 319 1627 XXXV,
342 1568 360 1611 e
384 1544 505 1631 quibus
540 1550 632 1611 erant
657 1544 723 1609 XX
750 1550 947 1611 constratae.
994 1551 1208 1632 tantusque3

107 1675 146 1720 eo
170 1654 258 1719 facto
286 1651 383 1718 timor
415 1651 563 1729 incessit,
588 1658 634 1728 ut,
663 1674 740 1717 oum
775 1659 863 1719 esset
891 1652 978 1738 legio
1007 1654 1172 1738 praesidio

107 1763 291 1843 Messanae,
320 1761 377 1827 vix
411 1760 571 1847 oppidum
595 1761 843 1841 defenderetur,
875 1767 907 1826 et
941 1761 1005 1827 nisi
1032 1784 1070 1827 eo
1100 1762 1172 1846 ipso

107 1874 253 1953 tempore
276 1867 412 1953 quidam
432 1868 546 1934 'nuntii
570 1869 611 1934 de
640 1868 793 1935 Caesaris
817 1868 957 1935 victoria
979 1891 1037 1955 per
1060 1869 1172 1955 dispe-

105 1975 186 2042 sites
202 1976 329 2062 equites
351 1979 463 2041 essent
481 1975 581 2057 allati,
601 1975 835 2043 existimabant
852 1975 1000 2061 plerique
1022 1978 1171 2042 futurum

107 2084 220 2167 fuisse,
239 2083 287 2150 uti
303 2083 518 2150 amitteretur.
549 2085 609 2149 sed
628 2082 908 2168 opportunissime
920 2083 1044 2149 nuntiis
1064 2084 1172 2150 allatis
1200 2095 1207 2136 1

105 2193 265 2279 oppidum
288 2197 339 2258 est
354 2192 538 2273 defensum,
555 2191 760 2278 Cassiusque
779 2193 822 2257 ad
846 2190 1071 2277 Sulpicianam
1094 2192 1172 2258 inde

105 2301 247 2366 classem
271 2300 438 2384 profectus
462 2305 512 2364 est
535 2298 700 2365 Vibonem
723 2297 966 2384 applicatisque
989 2300 1172 2366 nostrised
1196 2311 1207 2352 ³

105 2414 227 2474 terram
250 2407 393 2472 navibus
426 2407 571 2496 [propter
601 2407 742 2470 eundem
773 2405 939 2495 timorem]
969 2407 1041 2492 pari
1074 2412 1172 2493 atque

105 2522 203 2582 antea
226 2514 352 2581 ratione
376 2514 561 2581 secun-dum
584 2520 703 2580 nactus
720 2519 857 2580 ventum
881 2514 1049 2581 onerarias
1068 2537 1172 2582 naves

107 2623 252 2712 [circiter
291 2624 366 2712 XL]
405 2629 621 2710 praeparatas
662 2625 706 2689 ad
735 2621 925 2689 incendium
958 2622 1105 2706 immisit,
1140 2632 1172 2691 ct

105 2734 240 2798 flamma
263 2733 306 2798 ab
330 2738 469 2819 utroque
493 2755 596 2799 cornu
626 2753 822 2817 comprensa
850 2751 954 2796 nares
980 2739 1057 2797 sunt
1080 2754 1170 2798 com-

104 2839 223 2903 bustae
247 2839 402 2924 quinque.
449 2861 592 2924 cumque
608 2838 697 2924 ignis
714 2836 943 2922 magnitudine
967 2838 1058 2903 venti
1073 2838 1172 2904 latius
1195 2859 1208 2899 o

105 2950 262 3027 serperet,
281 2944 411 3024 milites,
431 2945 544 3028 quiex
561 2946 729 3010 veteribus
744 2943 930 3028 legionibus
949 2950 1042 3010 erant
1064 2945 1171 3012 relicti

103 3050 269 3135 praesidio
295 3050 438 3116 navibus
462 3074 503 3117 ex
518 3073 654 3118 numero
673 3073 857 3138 aegrorum,
873 3051 1088 3137 ignominiam
1106 3077 1172 3120 nen

105 3159 259 3240 tulerunt,
282 3161 342 3225 sed
365 3182 426 3226 sua
449 3165 565 3244 sponte
587 3183 690 3226 naves
714 3161 977 3228 conscenderunt
996 3168 1028 3228 et
1046 3184 1066 3228 a
1085 3168 1172 3229 terra

106 3265 277 3333 solverunt
299 3266 491 3353 impetuque
514 3270 603 3335 facte
627 3268 660 3333 in
685 3268 882 3335 Cassianam
907 3270 1048 3336 classem
1073 3272 1170 3357 quin-

105 3395 276 3459 queremes
301 3375 394 3456 duaS,
416 3374 451 3440 in
474 3395 614 3460 quarum
631 3375 734 3442 altera
757 3382 828 3444 erat
844 3376 990 3459 Cassius
1014 3386 1172 3463 ceperunt

105 3481 179 3570 (sed
202 3482 339 3548 Cassius
367 3488 523 3569 exceptus
549 3484 677 3570 scapha
699 3484 857 3575 refugit);
892 3491 1063 3572 praeterea
1086 3488 1171 3554 duae

104 3597 183 3658 sunt
206 3593 382 3679 depressae
416 3594 576 3660 triremes.
623 3617 731 3681 neque
754 3595 858 3662 multo
882 3606 956 3682 post
978 3598 1019 3662 de
1047 3597 1170 3683 proelio
1194 3615 1205 3657 r

104 3700 191 3766 laeto
214 3700 249 3766 in
280 3701 454 3768 Thessalia
477 3701 647 3788 cognitum
683 3709 742 3780 est,
774 3708 811 3770 ut
841 3704 925 3790 ipsis
956 3704 1170 3790 Pompeianis

104 3806 184 3881 tides
208 3809 316 3886 tieret:
341 3831 420 3884 uam
443 3814 519 3886 ante
543 3810 577 3883 id
600 3816 731 3906 tempus
756 3811 836 3907 smgi
856 3813 1011 3906 elegatis
1034 3813 1170 3885 amicis-
