2768 4200
438 218 557 275 COMM.
577 219 628 272 ΙΙΙ.
651 218 734 273 ΟΑΡ.
754 216 901 271 VIII-X.
1168 215 1203 269 81

135 393 235 469 atque
257 384 368 466 ipsum
393 381 574 448 Octavium
603 367 638 445 in
673 401 778 445 naves
808 380 988 462 confugere
1011 383 1203 462 coegerunt.

136 491 205 582 [hic
228 490 291 555 fuit
314 487 571 573 oppugnationis
590 483 724 577 exitus]
748 486 883 570 iamque
902 485 1010 550 hiems
1026 483 1204 570 appropin·
1229 509 1242 550 s

134 598 271 682 quabat,
291 601 323 659 et
336 595 438 659 tantis
454 593 660 658 detrimentis
676 591 823 674 acceptis
846 589 1008 657 Octavius
1033 592 1207 675 desperata

135 701 382 787 expugnatione
417 699 529 784 oppidi
563 697 788 784 Dyrrachium
823 719 897 762 sose
931 697 975 761 ad
1009 695 1206 780 Pompeium

135 810 262 893 recipit.

225 916 268 982 X.
293 911 606 979 Demonstravimus
634 912 673 979 L.
705 911 890 976 Vibullium
919 911 1043 975 Rufum
1070 909 1208 994 Pompei
1234 942 1244 978 1

138 1024 343 1107 praelectum
367 1019 419 1085 bis
442 1019 476 1084 in
499 1023 697 1101 potestatem
722 1017 916 1102 pervenisse
932 1017 1086 1082 Caesaris
1109 1023 1209 1100 atque

137 1131 181 1194 ab
206 1151 244 1193 eo
275 1149 349 1192 esse
383 1125 570 1207 dimissum,
595 1124 697 1189 semel
730 1125 775 1188 ad
802 1124 995 1202 Corfinium,
1025 1123 1145 1188 iterum
1174 1124 1209 1187 in

138 1238 311 1321 Hispania.
357 1237 448 1300 hunc
470 1255 530 1318 pro
549 1233 619 1299 suis
642 1234 811 1300 beneficiis
835 1233 1138 1325 Caesaridoneum
1157 1233 1210 1297 iu·
1233 1259 1246 1301 2

137 1345 320 1432 dicaverat,
345 1365 445 1427 quem
464 1363 540 1406 oum
564 1341 734 1408 mandatis
757 1344 802 1406 ad
824 1341 886 1408 Cn.
909 1341 1109 1425 Pompeium
1132 1340 1210 1405 mit-

138 1459 231 1531 teret,
255 1453 465 1535 eundemque
488 1452 579 1535 apud
598 1450 659 1515 Cn.
679 1450 880 1534 Pompeium·
892 1450 1124 1514 auctoritatem
1147 1449 1210 1513 ha-

139 1564 218 1626 bere
232 1559 456 1643 intellegebat.
492 1565 689 1623 eratautem
707 1557 792 1621 haec
809 1577 941 1621 summa
959 1557 1209 1621 mandatorum:
1234 1583 1248 1624 a

139 1667 262 1732 debere
284 1672 462 1749 utrumque
488 1665 692 1749 pertinaciae
715 1664 815 1729 tinem
840 1665 952 1729 facere
985 1672 1018 1729 et
1041 1665 1084 1728 ab
1108 1663 1211 1728 armis

139 1774 311 1838 discedere
329 1794 436 1856 neque
451 1772 596 1856 amplius
615 1772 783 1837 fortunam
808 1771 996 1855 periclitari.
1043 1770 1125 1836 satis
1141 1791 1213 1836 esse
1236 1797 1249 1839 4

141 1901 268 1964 magna
291 1879 467 1965 ⁸utrimque
496 1878 709 1942 incommoda
741 1883 889 1961 accepta,
921 1899 1006 1962 quae
1028 1900 1088 1962 pro
1112 1877 1213 1942 disci-

142 1988 234 2071 plina
261 1994 293 2051 et
320 1985 507 2069 praeceptis
536 1985 660 2049 habere
694 1990 843 2068 possent,
873 1990 911 2049 ut
939 1984 1084 2069 reliquos
1114 2004 1214 2050 casus

142 2094 317 2157 timerent:
341 2092 435 2156 illurn
450 2091 547 2155 ltalia
562 2092 738 2174 expulsum
762 2092 887 2156 amissa
909 2078 1023 2157 Sicilia
1046 2099 1080 2158 et
1101 2092 1214 2158 Sardi·
1238 2136 1251 2177 5

143 2199 201 2262 nia
233 2200 429 2280 duabusque
462 2196 634 2279 Hispaniis
660 2202 693 2261 et
716 2197 909 2263 cohortibus
931 2199 966 2263 in
993 2199 1091 2265 Italia
1114 2206 1215 2286 atque

143 2305 309 2387 Hispania
332 2303 457 2368 civium
490 2305 713 2368 Romanorum
743 2310 878 2369 contum
910 2311 1010 2389 atque
1033 2305 1147 2384 ΧΧΧ;
1180 2327 1216 2370 se

143 2417 249 2474 morte
272 2408 427 2474 Curionis
445 2414 476 2474 et
495 2408 691 2475 detrimento
708 2409 860 2475 Africani
879 2411 1054 2491 exercitus
1078 2412 1217 2477 Antonii

144 2517 353 2602 militumque
368 2516 534 2583 deditione
552 2518 596 2582 ad
614 2516 794 2582 Curictam.
841 2520 980 2603 proinde
1004 2520 1068 2586 sibi
1092 2542 1132 2586 ac
1151 2520 1216 2585 rei·
1239 2564 1253 2605 6

144 2625 298 2709 publicae
321 2632 506 2709 parcerent,
530 2646 617 2704 cum,
641 2632 804 2709 quantum
819 2626 855 2691 iu
870 2628 956 2693 bello
980 2632 1112 2694 tortuna
1136 2649 1215 2712 pos-

144 2739 204 2813 set,
227 2733 295 2798 iam
318 2734 382 2818 ipsi
415 2733 634 2799 incommodis
658 2733 727 2798 suis
762 2734 844 2798 satis
873 2740 985 2799 essent
1006 2736 1215 2800 documento.

146 2837 211 2901 hoo
229 2862 333 2904 uuum
357 2862 429 2906 esse
452 2848 584 2923 tempus
607 2843 649 2906 de
672 2863 756 2924 pace
779 2842 912 2925 agendi,
936 2844 1017 2907 dum
1040 2842 1104 2907 sibi
1127 2849 1217 2908 uter·
1240 2881 1253 2923 7

148 2963 212 3024 que
232 2944 412 3009 confideret
435 2952 468 3010 et
490 2966 589 3028 pares
613 2947 712 3010 ambo
735 2945 946 3025 viderentur3
971 2948 999 3012 si
1023 2970 1102 3014 vero
1123 2949 1217 3016 alteri

148 3049 287 3132 paulum
312 3053 410 3114 modo
433 3051 604 3116 tribuisset
627 3054 770 3131 fortuna,
793 3074 860 3116 non
880 3075 954 3119 esse
976 3077 1115 3122 usurum
1139 3080 1217 3123 oon·

146 3153 334 3218 dicionibus
356 3156 450 3238 pacis
469 3178 555 3236 eum,
575 3157 632 3241 qui
647 3158 797 3241 superior
815 3160 993 3240 videretur,
1017 3184 1124 3248 noque
1147 3165 1218 3229 fore

147 3283 255 3346 aequa
269 3269 362 3346 parte
379 3269 581 3344 contentum,
599 3264 658 3350 qui
674 3286 709 3329 se
725 3266 838 3330 omnia
860 3267 1052 3334 habiturum
1072 3272 1217 3335 conlide-

147 3376 207 3433 ret.
254 3369 467 3434 condiciones
496 3370 599 3454 paciS,
632 3372 789 3455 quoniam
822 3379 920 3438 antea
951 3377 1129 3442 convenire
1152 3400 1256 3460 non,

147 3477 343 3560 potuissent,
366 3477 491 3542 Romae
526 3479 568 3543 ab
593 3487 711 3545 senatu
734 3487 767 3546 et
796 3503 816 3547 a
844 3483 966 3566 populo
996 3485 1064 3569 peti
1088 3487 1217 3552 debere.

147 3583 272 3647 interea
288 3589 321 3648 et
342 3570 546 3668 reipublicae
562 3592 594 3651 et
609 3586 693 3670 ipsis
713 3589 844 3672 placere
861 3597 1021 3675 oportere,
1038 3592 1067 3656 si
1083 3599 1220 3678 uterque
1243 3634 1257 3675 9

147 3691 182 3754 in
205 3690 359 3756 contione
382 3692 493 3759 statim
516 3693 697 3760 iuravisset
723 3717 760 3761 se
783 3697 894 3762 triduo
916 3699 1067 3783 proximo
1092 3702 1220 3768 exerci-

147 3804 218 3863 tum
253 3799 488 3881 dimissurum3
522 3801 684 3886 depositis
712 3803 814 3868 armis
847 3805 1069 3893 auxiliisque,
1101 3809 1228 3890 quibus

201 3920 265 3964 cies.
281 3935 355 3965 comm,
370 3925 397 3967 de
412 3924 471 3968 bello
487 3927 530 3970 civ.
1185 3924 1204 3961 Q
