2768 4200
346 215 465 271 COMlI.
485 215 537 270 III.
560 215 642 270 CAP.
662 212 894 268 XLVIII-LII.
1101 213 1154 267 105

83 375 217 461 ignibus
240 384 335 441 nocte
359 376 510 443 cohortes
525 381 664 455 nostras
689 375 733 438 ad
755 372 955 438 munitiones
978 375 1152 448 excubare,

84 483 214 550 silentio
238 484 389 569 aggressi
405 482 553 548 universi
572 483 660 547 intra
675 481 892 546 munitionem
909 482 1049 566 sagittas
1071 504 1151 547 con-

84 590 228 657 iciebant
251 597 284 658 et
314 613 350 656 se
380 589 555 655 confestim
590 590 633 654 ad
668 609 745 653 suos
768 589 982 674 recipiebant.
1030 590 1192 674 quibusr.

82 702 183 765 rebus
207 700 311 766 nostri
334 721 398 764 usu
413 698 504 763 docti
517 697 602 762 haec
620 696 829 781 reperiebant
852 698 1007 778 remedia,
1031 704 1067 763 ut
1086 699 1151 764 alio

82 806 154 871 loco
178 806 275 891 ignes
294 807 442 871 lacerent
462 805 534 870 alio
559 805 773 869 excubarent
808 854 1150 875 .......

170 1020 225 1084 LI.
249 1019 386 1084 Interim
402 1018 522 1084 certior
535 1019 644 1083 factus
667 1019 703 1082 P.
725 1018 827 1104 Sylla,
853 1042 952 1103 quem
976 1019 1151 1084 discedens
1176 1037 1186 1076 r

81 1126 202 1192 castris
225 1127 430 1211 praefecerat
453 1126 586 1197 Caesar,
603 1125 724 1190 auxilio
748 1126 874 1191 cohorti
897 1126 989 1191 venit
1011 1148 1086 1191 cum
1102 1126 1151 1191 le-

80 1232 236 1317 gionibus
254 1234 384 1297 duabus
399 1259 405 1313 ;
423 1231 517 1296 ouius
537 1231 684 1296 adventu
700 1231 799 1297 facile
815 1238 893 1297 sunt
910 1232 1034 1316 repulsi
1049 1233 1150 1297 Pom-

79 1338 201 1423 peiani.
241 1337 451 1422 nequeenim
471 1343 685 1422 conspectum
705 1345 763 1403 aut
780 1338 942 1422 impetum
961 1347 1150 1405 nostrorum
1173 1357 1188 1397 2

79 1447 236 1526 tulerunt,
259 1445 442 1533 primisque
462 1446 600 1511 deiectis
623 1446 741 1530 reliqui
765 1468 800 1511 se
822 1452 993 1512 verterunt
1023 1455 1056 1514 ct
1078 1449 1149 1514 loco

80 1562 262 1621 cesserunt.
309 1554 369 1620 sed
392 1553 603 1638 insequentes
627 1561 766 1633 nostros
790 1577 831 1620 ne
861 1556 992 1640 longius
1016 1577 1149 1640 progre-

79 1661 248 1739 derantur,
281 1659 374 1744 Sylla
409 1659 588 1728 revocavit.
636 1664 670 1723 at
703 1659 851 1743 plerique
887 1659 1087 1733 existimant,
1122 1664 1149 1726 si
1171 1682 1189 1718 :a

79 1767 190 1833 acrius
213 1765 342 1848 insequi
373 1764 544 1845 voluisset,
572 1766 695 1830 bellum
720 1788 758 1830 eo
789 1767 842 1830 die
872 1768 1019 1850 potuisse
1051 1769 1148 1833 finiri.

78 1878 175 1944 cuius
191 1877 366 1942 consilium
382 1899 447 1941 non
464 1877 771 1960 reprehendendum
789 1876 931 1942 videtur.
966 1878 1050 1942 aliae
1062 1878 1147 1943 enim
1171 1895 1183 1935 ⁴

78 1992 156 2051 sunt
178 1985 280 2070 legati
304 1990 415 2068 partes
438 1990 537 2068 atque
560 1984 784 2067 imperatoris:
809 1984 892 2049 alter
915 1984 1027 2049 omnia
1051 2006 1149 2070 agere

81 2092 125 2157 ad
146 2091 397 2176 praescriptum,
421 2092 504 2155 alter
526 2091 628 2156 libere
644 2093 687 2155 ad
710 2113 875 2156 summam
896 2115 1007 2157 rerum
1031 2115 1149 2158 consu-

78 2198 146 2263 lere
168 2199 276 2263 debet.
323 2198 451 2283 Syllae
474 2199 617 2263 Caesare
642 2198 680 2262 in
706 2199 825 2264 eastris
850 2200 983 2265 relictus
999 2201 1148 2266 liberatis
1172 2218 1190 2255 ἵν

77 2304 148 2371 suis
171 2305 235 2369 hoo
259 2304 322 2368 fuit
345 2310 519 2370 contentus
544 2326 653 2388 neque
682 2305 806 2387 proelio
839 2306 1008 2372 decertare
1032 2307 1147 2386 voluit,

78 2432 164 2496 quae
182 2433 235 2476 res
254 2419 366 2475 tamen
382 2413 523 2477 sortasse
539 2412 684 2496 aliquem
704 2413 865 2497 reciperet
885 2435 1011 2493 casum,
1030 2437 1071 2479 ne
1085 2414 1149 2477 im-

77 2519 261 2604 peratorias
285 2519 349 2584 sibi
372 2527 483 2602 partes
506 2520 690 2603 sumpsisse
711 2520 888 2585 rideretur.
935 2521 1148 2605 Pompeianis
1172 2554 1189 2587 e

77 2648 237 2711 magnam
261 2647 314 2690 res
338 2627 381 2690 ad
404 2631 574 2709 receptum
599 2626 826 2690 difficultatem
850 2627 1020 2690 afferebat.
1068 2647 1148 2689 nam

77 2755 118 2799 ox
140 2733 253 2819 iniquo
276 2734 445 2818 progressi
468 2735 539 2799 loeo
563 2735 597 2798 in
623 2755 752 2798 summo
781 2733 1014 2798 constiterant:
1040 2734 1067 2797 si
1092 2755 1149 2815 per
1172 2764 1189 2804 r

78 2842 207 2907 declive
231 2863 305 2907 sese
320 2841 514 2925 reciperent,
538 2848 668 2906 nostros
688 2863 728 2904 ex
744 2839 913 2923 superiore
938 2839 1150 2922 insequentes

76 2948 151 3015 loco
174 2951 386 3027 verebantur,
410 2971 516 3034 neque
536 2949 677 3014 multum
711 2949 755 3011 ad
778 2948 857 3012 solis
882 2968 1039 3012 oceasum
1066 2953 1150 3011 tem-

76 3056 167 3141 poris
185 3063 373 3142 supererat;
404 3077 463 3139 spe
486 3054 573 3119 enim
604 3053 797 3118 conficiendi
828 3053 949 3137 negotii
984 3076 1084 3137 prope
1115 3055 1150 3117 iu

75 3169 208 3228 noctem
230 3185 299 3228 rem
322 3166 493 3231 duxerant.
541 3163 590 3226 ita
613 3159 801 3225 necessario
823 3166 922 3243 atque
946 3181 986 3222 ex
1002 3165 1188 3243 tempores

75 3277 173 3355 capto
197 3271 334 3336 oonsilio
366 3270 545 3354 Pompeius
576 3267 739 3333 tumulum
765 3267 931 3349 quendam
963 3268 1148 3349 occuparit,

74 3378 132 3462 qui
155 3383 285 3443 tanturn
309 3378 423 3442 aberat
451 3383 614 3442 anostro·
631 3373 777 3446 castelle,
805 3379 841 3436 ut
869 3373 971 3438 telum
1003 3380 1147 3438 tormen-

73 3491 189 3551 tumve
213 3484 353 3549 missum
377 3485 467 3568 adigi
485 3506 549 3547 uon
568 3488 691 3566 posset.
739 3480 802 3544 hoc
827 3481 977 3545 consedit
1000 3481 1072 3545 loco
1096 3492 1147 3544 at-

73 3613 138 3677 quc
161 3612 238 3656 eum
261 3591 480 3655 communivit
501 3610 681 3672 omnesque
705 3587 750 3651 ibi
774 3587 889 3669 copias
912 3587 1086 3651 continuit.
1173 3620 1180 3658 ι

162 3697 233 3765 LII.
258 3697 384 3760 Eodem
408 3704 557 3779 tempore
573 3697 703 3759 duobus
719 3699 892 3777 praeterea
907 3693 989 3757 locis
1013 3716 1146 3777 pugna-

72 3810 144 3871 tum
168 3811 218 3867 est
242 3841 287 3850 —
310 3823 387 3866 nam
412 3802 507 3885 plura
531 3801 669 3865 castella
703 3799 880 3883 Pompeius
904 3799 1027 3882 pariter
1050 3801 1145 3865 disti-
