2768 4200
80 234 89 245 ··
171 216 208 270 90
538 215 590 269 Du
610 215 734 272 BELLO
756 215 877 271 ClVlLI

172 375 326 441 omnibus
349 375 500 459 partibus
523 374 632 439 subito
656 374 864 439 Antonianae
880 374 1024 457 scaphae
1043 375 1140 458 signo
1164 375 1242 439 dato

173 505 207 547 se
230 484 264 546 in
288 483 401 547 hostes
419 482 644 547 incitaverunt
661 482 832 566 primoque
855 481 981 564 impetu
999 503 1100 546 unam
1125 504 1165 545 ex
1188 481 1242 544 his

172 590 438 676 quadriremibus
462 612 539 655 cum
568 591 750 674 remigibus
774 588 1068 672 defensoribusque
1098 589 1168 653 suis
1191 611 1244 653 oe-

133 706 301 782 sperunt,
332 699 478 782 reliquas
512 696 651 781 turpiter
684 697 836 780 refugere
870 702 1059 780 coegerunt.
1105 698 1148 760 ad
1179 697 1244 761 hoc

171 808 405 888 detrimentum
428 805 580 884 accessit,
598 813 632 870 ut
659 805 824 889 equitibus
847 825 1019 888 perorem
1040 805 1244 870 maritimam

172 917 214 980 ab
238 916 384 980 Antonio
408 912 577 998 dispositis
595 913 712 997 aquari
729 911 968 995 prohiberetur.
1016 933 1081 995 qua
1099 913 1243 976 necessi-

171 1029 238 1087 tate
261 1029 294 1087 et
322 1021 506 1106 ignominia
534 1026 703 1103 permotus
725 1018 809 1083 Libo
833 1018 985 1083 discessit
1016 1039 1036 1081 a
1065 1019 1245 1084 Brundisio

171 1129 461 1211 obsessionemque
485 1134 673 1191 nostrorum
698 1125 818 1190 omisit.

136 1250 145 1290 1
260 1236 368 1300 XXV.
393 1234 489 1299 Multi
511 1233 579 1297 iam
603 1255 733 1297 menses
754 1239 848 1296 erant
864 1240 896 1298 et
913 1232 1022 1296 hiems
1045 1233 1247 1317 praecipita-

172 1349 275 1421 verat,
299 1363 406 1425 neque
429 1339 606 1404 Brundisio
630 1361 733 1404 naves
759 1339 975 1423 legionesque
999 1340 1040 1402 ad
1066 1340 1246 1404 Caesarem

172 1449 362 1513 veniebant.
409 1469 449 1512 ao
468 1446 648 1511 nonnullae
664 1446 734 1510 eius
753 1446 801 1510 rei
817 1445 1070 1528 praetermissae
1094 1448 1246 1511 occasio-

172 1576 232 1619 nes
251 1554 387 1619 Caesari
406 1554 615 1632 videbantur,
630 1554 720 1636 quod
735 1559 823 1618 certe
840 1572 939 1635 saepe
962 1552 1125 1618 flaverant
1142 1554 1246 1633 venti,

132 1680 148 1720 ⁴2
172 1664 293 1749 quibus
317 1662 504 1728 necessario
535 1661 809 1726 committendum
833 1661 1055 1728 existimabat.
1100 1670 1246 1745 quanto-

172 1793 236 1854 que
263 1770 333 1835 cius
359 1769 502 1853 amplius
522 1777 729 1852 processerat
751 1766 920 1850 temporis,
941 1773 1032 1831 tanto
1055 1775 1152 1832 erant
1173 1771 1247 1834 ala-

171 1878 294 1943 criores
318 1879 361 1941 ad
386 1876 565 1955 custodias,
590 1876 644 1960 qui
670 1875 832 1940 classibus
856 1882 1042 1958 praeerant,
1067 1876 1247 1942 maiorem-

133 2013 149 2054 a
172 2008 236 2070 que
259 1985 416 2051 fiduciam
448 1983 648 2069 prohibendi
675 1982 860 2059 habebant3
892 1988 925 2048 et
955 1983 1080 2047 crebris
1107 1984 1247 2069 Pompei

170 2095 288 2158 litteris
312 2095 572 2179 castigabantur,
597 2091 754 2175 quoniam
778 2091 885 2175 primo
907 2091 1095 2157 venientem
1120 2093 1247 2159 Caesa-

171 2221 242 2264 rem
270 2221 337 2264 non
367 2201 623 2283 prohibuissent,
648 2206 682 2263 at
705 2197 849 2282 reliquos
877 2197 949 2262 eius
985 2200 1149 2264 exercitus
1181 2201 1246 2265 im-

172 2303 332 2386 pedirent,
368 2305 549 2387 duriusque
584 2304 704 2368 cotidie
728 2311 858 2387 tempus
888 2305 931 2367 ad
955 2308 1247 2387 transportandum

135 2440 149 2479 4
174 2411 379 2475 saevioribus
403 2410 512 2475 ventis
537 2413 786 2495 exspectabant.
826 2410 946 2494 quibus
960 2412 1061 2475 rebus
1076 2417 1247 2495 permotus

173 2517 298 2582 Caesar
320 2517 537 2583 Brundisium
561 2519 603 2581 ad
629 2538 706 2582 suos
723 2517 872 2581 severius
896 2516 1039 2599 scripsit,
1063 2519 1155 2583 nacti
1174 2518 1247 2583 ido-

173 2647 270 2690 neum
288 2631 426 2689 ventum
445 2646 487 2688 ne
504 2625 713 2690 occasionem
739 2623 920 2708 navigandi
943 2624 1157 2706 dimitterent,
1173 2627 1247 2692 sive

173 2733 215 2796 ad
238 2731 334 2796 litora
352 2729 613 2813 Apolloniatium
629 2731 709 2793 sive
724 2730 771 2794 ad
793 2730 1001 2794 Labeatium
1026 2752 1163 2795 cursum
1187 2733 1247 2797 de-

134 2868 148 2907 a
171 2839 279 2923 rigere
303 2846 402 2922 atque
426 2859 464 2902 eo
488 2859 591 2902 naves
616 2836 721 2902 eicere
738 2843 884 2920 possent.
930 2838 1016 2902 haec
1040 2859 1061 2902 a
1085 2840 1247 2906 custodiis

171 2946 329 3010 classium
351 2946 427 3010 loca
442 2945 587 3009 maxime
605 2945 783 3025 vacabant,
803 2946 892 3029 quod
916 2966 952 3009 se
976 2945 1108 3029 longius
1133 2967 1248 3031 apor-

171 3053 260 3116 tibus
284 3053 491 3118 committere
513 3074 580 3117 non
604 3054 774 3122 auderent.

136 3184 145 3224 1
260 3160 386 3224 XXVI.
410 3159 463 3224 Illi
486 3160 637 3224 adhibita
656 3159 798 3223 audacia
821 3166 855 3224 et
867 3159 990 3225 virtute
1007 3160 1245 3226 administran-

171 3264 259 3328 tibus
282 3264 327 3328 M.
352 3264 497 3328 Antonio
515 3270 547 3328 et
562 3264 655 3327 Fufio
674 3263 808 3343 Caleno,
825 3265 966 3329 multum
982 3265 1064 3349 ipsis
1084 3265 1248 3333 militibus

170 3370 381 3435 hortantibus
404 3392 512 3454 neque
535 3370 640 3434 ullum
664 3370 848 3453 periculum
872 3393 931 3456 pro
960 3372 1067 3437 salute
1091 3372 1248 3439 Caesaris

171 3478 403 3542 recusantibus
426 3477 516 3542 nacti
552 3485 702 3542 austrum
734 3500 838 3543 naves
862 3479 995 3544 solvunt
1018 3486 1117 3564 atque
1142 3480 1247 3545 altero
1300 3554 1305 3569 x

135 3585 225 3651 adie
255 3584 468 3668 Apolloniam
506 3586 812 3668 praetervehuntur.
864 3587 921 3672 qui
953 3609 1029 3651 cum
1063 3595 1175 3652 essent
1205 3611 1248 3653 ex

173 3690 452 3773 continenti'visi,
476 3692 657 3776 Coponius,
690 3693 746 3777 qui
771 3693 949 3779 Dyrrachii
973 3694 1073 3759 classi
1096 3695 1247 3761 Rhodiae

172 3805 332 3882 praeerat,
357 3820 462 3864 naves
480 3822 519 3863 ex
543 3806 640 3882 portu
657 3799 784 3878 educit;
808 3806 840 3865 et
863 3821 940 3864 cum
963 3800 1029 3864 iam
1054 3801 1176 3867 nostris
1192 3825 1248 3868 re-
