2768 4200
399 203 520 262 coum
540 206 579 260 11.
602 206 686 264 our.
705 205 894 260 xvir-xx.
1023 165 1029 176 ’
1148 203 1183 261 ee

109 368 235 433 bellum
250 367 329 433 duci
344 390 411 432 non
429 367 563 433 difficile
582 368 803 434 existimabat.
851 367 977 438 Caesar
993 367 1055 434 etsi
1069 367 1183 434 multis
1208 385 1220 427 r

109 476 373 560 necessariisque
389 477 489 540 rebus
511 475 546 539 in
564 476 697 540 Italiam
720 476 950 555 revocabatur,
969 483 1083 540 tamen
1102 497 1182 540 con-

108 582 262 648 stituerat
294 585 423 648 nullam
452 588 581 667 partem
615 583 695 648 belli
721 582 756 646 in
783 582 956 666 Hispaniis
987 581 1183 667 relinquere,

107 691 201 774 quod
224 711 350 774 magna
369 711 442 754 esse
460 688 599 774 Pompei
616 689 777 755 beneficia
800 694 832 754 et
855 709 997 772 magnas
1012 689 1183 754 clientelas

107 795 146 858 in
170 795 321 861 citeriore
344 795 517 880 provincia
540 795 678 861 sciebat.

201 904 295 968 XIX.
311 904 430 988 Itaque
446 905 577 968 duabus
595 903 784 988 legionibus
799 902 911 967 missis
933 902 969 966 in
992 902 1182 968 ulteriorem
1208 918 1218 958 1

109 1010 311 1095 Hispaniam
335 1032 412 1075 cum
436 1011 476 1093 Q.
490 1011 618 1076 ‘Cassio
641 1010 774 1075 tribuno
797 1010 904 1095 plebis
927 1010 999 1094 ipSe
1023 1032 1100 1075 cum
1123 1011 1183 1076 DC

109 1118 280 1201 equitibus
318 1117 450 1202 magnis
489 1117 664 1183 itineribus
701 1118 932 1201 praegreditur
972 1117 1184 1202 edictumque

112 1225 305 1308 praemittit,
329 1226 373 1289 ad
396 1246 497 1309 quarn
517 1225 605 1289 diem
624 1225 840 1308 magistratus
856 1224 1089 1309 principesque
1112 1246 1184 1289 om-

110 1332 205 1396 nium
230 1332 404 1398 civitatum
428 1332 493 1398 sibi
515 1353 588 1398 esse
611 1337 744 1415 praesto
768 1332 945 1398 Cordubae
962 1332 1073 1397 vellet.
1119 1347 1220 1415 quo2

108 1440 221 1504 edicto
245 1446 314 1505 tota
336 1439 512 1525 provincia
529 1440 727 1524 pervulgato
750 1440 841 1503 nulla
864 1438 928 1503 suit
950 1438 1079 1519 civitas,
1102 1439 1184 1524 quin

111 1548 157 1612 ad
182 1544 242 1639 [id]
267 1553 400 1631 tempus
423 1553 551 1631 partem
570 1553 706 1612 senatus
723 1546 914 1610 Cordubam
939 1545 1094 1620 mitteret,
1118 1567 1185 1609 non

110 1654 199 1719 civis
221 1656 391 1720 Romanus
418 1654 518 1738 paulo
551 1654 669 1727 notior,
693 1653 774 1737 quin
798 1654 842 1717 ad
871 1653 960 1717 diem
984 1652 1184 1717 conveniret.

110 1762 212 1826 simul
236 1762 308 1846 ipse
332 1763 510 1827 Cordubae
540 1767 724 1826 conventus
748 1781 807 1843 per
836 1782 873 1824 se
898 1765 1012 1844 portas
1043 1758 1184 1824 Varroni
1208 1773 1221 1814 3

110 1869 244 1949 clausit,
270 1869 440 1934 custodias
463 1869 664 1955 vigiliasque
687 1868 723 1933 in
746 1867 893 1932 turribus
926 1889 1087 1952 muroque
1114 1868 1185 1932 dis-

113 1976 242 2059 posuit;
278 1977 432 2041 cohortes
464 1976 564 2056 duaS,
600 1996 686 2060 quae
720 1975 890 2039 colonicae
920 1975 1221 2058 appellabantur,4

109 2103 191 2146 cum
214 2104 252 2146 eo
287 2104 368 2146 casu
399 2082 579 2161 venissent,
610 2082 725 2147 tuendi
748 2082 862 2165 oppidi
892 2103 995 2146 causa
1029 2084 1120 2166 apud
1149 2104 1185 2147 se

112 2188 256 2258 retinuit.
303 2190 408 2253 isdem
426 2189 543 2253 diebus
559 2189 812 2268 Carmonenses,
833 2211 919 2272 quae
937 2195 987 2253 est
1005 2190 1105 2273 longe
1128 2189 1185 2254 fir·
1208 2202 1222 2242 5

112 2294 265 2360 missima
286 2296 388 2360 totius
412 2295 602 2378 provinciae
618 2295 749 2375 civitas,
773 2297 925 2361 deductis
947 2297 1053 2361 tribus
1071 2297 1106 2361 in
1130 2318 1185 2360 ar-

109 2425 187 2468 cem
205 2402 318 2488 oppidi
334 2402 525 2468 cohortibus
544 2424 564 2466 a
585 2404 735 2468 Varrone
753 2404 918 2488 praesidio
936 2425 995 2488 per
1014 2425 1049 2468 se
1065 2404 1185 2468 eohor-

110 2516 162 2574 tes
186 2509 282 2576 eiecit
304 2515 482 2594 portasque
506 2509 696 2593 praeclusit.

203 2616 281 2681 XX.
304 2618 377 2681 Hoc
400 2636 481 2680 vero
504 2615 614 2700 magis
636 2636 814 2700 properare
836 2617 953 2697 Varro,
976 2621 1013 2681 ut
1035 2637 1113 2680 cum
1135 2615 1184 2679 le·
1210 2637 1220 2677 1

112 2724 271 2808 gionibus
294 2745 396 2808 quarn
428 2722 572 2807 primum
608 2722 722 2788 Gades
745 2724 969 2802 contenderet,
993 2744 1036 2786 ne
1066 2720 1184 2786 itinere

111 2839 173 2897 aut
194 2832 336 2897 traiectu
365 2832 660 2901 intercluderetur:
690 2837 784 2898 tanta
811 2851 851 2895 ac
881 2836 949 2896 tam
980 2830 1127 2894 secunda
1149 2828 1183 2894 in

113 2938 294 3003 Caesarem
317 2939 473 3002 voluntas
500 2939 695 3022 provinciae
721 2937 961 3021 reperiebatur.
1006 2956 1184 3020 progresso
1208 2956 1222 2997 a

114 3044 146 3108 ei
168 3042 267 3126 paulo
295 3041 427 3125 longius
453 3042 583 3107 litterae
616 3042 767 3108 Gadibus
796 3043 990 3120 redduntur,
1014 3040 1112 3104 simul
1136 3046 1183 3104 at·

112 3172 180 3235 que
203 3150 245 3213 sit
262 3149 433 3232 cognitum
459 3150 499 3212 de
523 3150 630 3213 edicto
655 3146 820 3226 Caesaris,
844 3145 1054 3211 consensisse
1078 3146 1184 3211 Gadi-

111 3264 210 3323 tanos
233 3254 401 3338 principes
425 3275 502 3318 cum
526 3254 669 3319 tribunis
685 3253 882 3333 cohortium,
903 3274 988 3337 quae
1012 3259 1123 3318 essent
1137 3253 1185 3318 ibi

111 3366 149 3431 in
171 3363 349 3449 praesidio,
372 3368 409 3427 ut
428 3362 619 3428 Gallonium
636 3385 677 3428 ex
695 3362 817 3447 oppido
837 3362 1049 3445 expellerent,
1068 3362 1185 3426 urbem

111 3474 324 3556 insulamque
340 3469 478 3536 Caesari
493 3477 675 3536 servarent.
721 3470 786 3535 hoc
800 3469 883 3533 inito
900 3468 1037 3533 consilio
1055 3470 1185 3534 denun-
1208 3490 1228 3540 3,

112 3581 250 3646 tiavisse
273 3579 437 3659 Gallonio,
469 3584 506 3643 ut
535 3599 597 3643 sua
619 3582 746 3662 sponte,
770 3578 849 3640 dum
881 3575 951 3640 sine
973 3576 1122 3660 periculo
1144 3576 1186 3640 li-

111 3693 214 3767 ceret,
233 3688 408 3752 excederet
432 3685 607 3765 Gadibus3
633 3684 662 3750 si
680 3684 715 3748 id
734 3705 802 3747 non
826 3681 969 3761 fecisset,
992 3681 1056 3746 sibi
1080 3681 1187 3747 consi-

111 3791 196 3857 lium
215 3799 379 3878 capturos.
417 3793 482 3857 hoc
499 3791 615 3856 timore
627 3791 809 3855 adductum
826 3787 1018 3853 Gallonium
1034 3786 1186 3854 Gadibus
