2768 4200
183 218 234 274 126
544 217 596 274 DI]
617 216 741 275 BELLO
761 215 882 275 CIVILI

181 390 290 451 castra
320 405 386 449 non
409 405 620 450 reversurum
657 382 874 468 reliquosque,
905 386 942 447 ut
971 381 1060 448 idem
1090 383 1248 464 facerent,

180 494 330 558 hortatus
352 497 412 557 cst.
460 492 525 557 hoc
548 492 690 556 laudans
713 489 892 574 Pompeius
915 489 1005 555 idem
1028 489 1165 572 iuravit;
1185 513 1246 558 nec

179 623 258 667 vero
288 624 329 666 ex
358 600 495 686 reliquis
528 601 590 667 fuit
624 601 811 686 quisquam,
841 598 898 684 qui
925 599 1034 664 iurare
1067 600 1244 668 dubitaret.

144 710 264 776 thaec
287 708 344 774 ubi
368 709 457 775 sacta
487 716 564 775 suut
586 709 622 774 in
642 708 789 789 consilio,
819 728 943 792 magna
970 728 1030 792 spe
1062 714 1095 774 et
1121 708 1246 775 laetitia

179 817 327 883 omnium
350 816 534 883 discessum
559 823 626 896 est3
652 837 691 881 ac
714 814 782 880 iam
798 815 909 880 animo
925 814 1101 881 victorium
1120 817 1244 902 praeei-

179 925 324 1011 piebant,
349 917 436 1010 quod
459 927 500 990 de
523 947 558 992 re
582 930 675 991 tauta
698 929 731 990 et
749 930 851 989 atam
867 923 1180 1011 peritoimperatore
1197 925 1244 991 ni-

178 1034 225 1099 hil
248 1033 372 1098 frustra
395 1033 583 1099 confirmari
602 1033 787 1103 videbatur.

144 1149 154 1192 ¹
265 1140 486 1207 LXXXVIII.
521 1141 646 1207 Caesar
669 1163 745 1207 cum
768 1140 907 1225 Pompei
926 1139 1045 1207 castris
1065 1142 1245 1228 appropin-

178 1258 321 1337 quasset,
345 1252 389 1317 ad
411 1252 500 1318 hunc
516 1253 652 1318 modum
670 1253 775 1319 aciem
796 1253 867 1319 eius
883 1253 1080 1318 instructam
1097 1252 1244 1318 animum

178 1360 330 1428 advertit.
379 1365 472 1425 erant
495 1360 529 1424 iu
553 1360 687 1427 sinistro
711 1383 814 1427 cornu
833 1361 981 1447 legiones
1000 1361 1087 1426 duae
1104 1361 1246 1429 traditae

178 1488 198 1532 a
212 1467 355 1534 Caesare
368 1467 461 1533 initio
481 1467 697 1534 dissensionis
713 1491 753 1534 ex
769 1474 902 1535 senatus
919 1468 1088 1548 consulto;
1104 1490 1246 1554 quarum

176 1596 243 1640 una
266 1574 385 1660 prima,
409 1575 513 1640 altera
540 1574 638 1640 tertia
669 1574 911 1659 appellabatur.
957 1576 992 1642 in
1017 1598 1055 1642 eo
1078 1577 1150 1642 loco
1174 1577 1245 1663 ipse

141 1686 154 1728 ‘²
177 1689 248 1749 erat
270 1681 460 1768 Pompeius
507 1680 652 1747 mediam
676 1680 782 1746 aciem
806 1680 917 1766 Scipio
949 1705 1025 1750 cum
1055 1684 1244 1770 legionibus

176 1792 322 1880 Syriacis
338 1792 480 1858 tenebat.
523 1788 711 1856 Ciliciensis
727 1788 815 1874 legio
831 1789 1008 1857 coniuncta
1032 1814 1108 1858 cum
1125 1794 1243 1859 cohor·

177 1899 264 1965 tibus
282 1899 451 1985 Hispanis,
475 1918 559 1984 quas
579 1896 750 1961 traductas
774 1897 817 1960 ab
841 1895 981 1961 Afranio
1005 1898 1190 1982 docuimus,
1209 1901 1243 1966 in

140 2007 154 2049 3
177 2007 291 2072 dextro
307 2029 409 2073 cornu
428 2011 523 2073 erant
539 2004 728 2074 collocatae.
764 2003 827 2068 has
843 2002 1052 2070 firmissimas
1069 2027 1104 2071 se
1120 2008 1243 2074 habere

176 2111 353 2196 Pompeius
385 2110 607 2176 existimabat.
655 2109 800 2194 reliquas
835 2109 921 2175 inter
954 2110 1062 2176 aciem
1097 2114 1241 2179 mediam

176 2240 364 2303 cornuaque
397 2217 605 2283 interiecerat
632 2238 836 2301 numeroque
867 2217 1018 2282 cohortes
1041 2216 1103 2282 CX
1126 2221 1243 2304 exple-

140 2348 152 2389 4
176 2332 280 2409 verat.
325 2326 409 2390 hace
432 2331 527 2390 erant
550 2346 685 2390 numero
710 2324 799 2389 milia
823 2323 926 2404 XLV,
946 2330 1158 2391 evocatorum
1177 2328 1242 2392 oir-

175 2434 255 2501 citer
280 2435 355 2516 due,
379 2455 464 2519 quae
487 2456 527 2498 ex
558 2433 780 2500 beneficiariis
804 2433 1010 2518 superiorum
1035 2435 1241 2502 exercituum

175 2543 318 2609 adeum
341 2550 580 2624 couvenerant3
605 2564 689 2627 quae
713 2548 781 2608 tota
804 2563 875 2606 acie
900 2540 1117 2626 dispertierat.
1165 2545 1242 2610 reli-

175 2672 259 2737 quas
283 2652 437 2717 cohortes
460 2651 524 2716 Vll
548 2650 666 2716 castris
695 2649 952 2734 propinquisque
975 2650 1119 2716 castellis
1142 2674 1240 2737 prae-

139 2777 151 2818 s
175 2759 258 2824 sidio
275 2758 493 2844 disposuerat.
541 2757 695 2822 dextrum
715 2778 818 2822 cornu
836 2757 907 2820 eius
918 2757 1009 2822 rivus
1021 2758 1157 2843 quidam
1176 2761 1241 2827 im-

174 2866 293 2951 peditis
315 2865 396 2951 ripis
420 2864 605 2944 muniebat3
630 2886 731 2950 quam
755 2865 797 2929 ob
820 2884 957 2931 eausam
973 2872 1129 2932 cunctum
1144 2869 1240 2954 equi-

173 2979 288 3054 tatum,
320 2971 511 3057 sagittarios
544 2970 792 3057 funditoresque
826 2989 940 3035 omnes
967 2971 1100 3039 sinistro
1135 2995 1240 3041 cornu

173 3080 348 3147 obiecerat.

140 3218 149 3259 1
260 3188 450 3258 LXXXIX.
487 3187 610 3254 Caesar
638 3187 790 3273 superius
818 3187 1007 3254 institutum
1037 3209 1174 3255 servans
1196 3193 1238 3257 X.

172 3295 336 3381 legionem
356 3295 391 3360 iu
405 3296 519 3362 dextro
538 3318 651 3377 cornu,
670 3318 793 3362 nonam
808 3297 843 3362 iu
859 3296 993 3362 sinistro
1010 3296 1241 3383 collocaverat,

171 3404 303 3472 tametsi
326 3409 396 3471 erat
418 3405 635 3492 Dyrrachinis
658 3405 790 3490 proeliis
821 3407 1036 3472 vehementer
1059 3411 1238 3490 attenuata,

171 3519 204 3578 et
224 3513 303 3579 huic
322 3513 370 3578 sic
394 3512 545 3579 adiunxit
568 3519 733 3597 octavam,
761 3520 798 3581 ut
828 3534 934 3598 paene
964 3535 1066 3580 unam
1090 3537 1131 3579 ex
1155 3517 1238 3582 dua-

169 3622 233 3685 bus
255 3622 408 3702 efficeret,
427 3625 525 3705 atque
541 3621 679 3686 alteram
696 3621 791 3688 alteri
806 3622 971 3706 praesidio
992 3644 1066 3690 esse
1083 3623 1236 3691 iusserat.

134 3751 147 3792 2
170 3726 322 3794 cohortes
340 3730 375 3792 in
387 3711 458 3792 acie
473 3728 603 3794 LXXX
614 3728 811 3796 constitutas
827 3731 983 3810 habebat,
1000 3751 1087 3817 quae
1103 3751 1236 3797 summa

170 3840 240 3902 erat
263 3835 392 3901 milium
411 3836 512 3902 XXII
518 3863 527 3925 3
550 3837 703 3903 cohortos
715 3839 748 3903 II
767 3837 885 3904 castris
904 3837 1071 3924 praesidio
1093 3837 1235 3924 relique-
