2768 4200
172 221 223 277 118
322 308 325 311 Δ
541 218 592 278 DE
613 218 736 279 BELLO
756 218 876 279 ClVlLI

173 385 320 469 legiones
342 384 485 466 retinuit,
508 385 653 471 reliquas
676 387 718 451 de
741 390 860 471 quarta
875 384 990 470 vigilia
1012 383 1238 470 compluribus

171 495 274 579 portis
298 496 435 561 eductas
466 498 582 561 eodem
605 495 721 562 itinere
744 494 915 581 praemisit
936 516 1107 580 parvoque
1130 495 1237 581 spatio

171 603 368 685 intermisso,
385 611 422 671 ut
445 610 477 670 et
493 603 634 669 militare
657 603 844 670 institutum
868 609 1057 671 servaretur
1079 609 1113 670 et
1135 625 1236 690 quam

172 711 338 777 serissime
356 711 428 778 eius
450 712 609 797 profectio
633 719 898 796 cognosceretur,
922 713 1123 778 conclamari
1139 712 1238 779 iussit

171 818 350 904 statimque
383 840 536 904 egressus
571 824 603 884 et
634 818 853 885 novissimum
890 840 1011 904 agmen
1038 825 1236 885 consecutus

135 945 148 986 a
171 927 319 993 celeriter
342 950 383 992 ex
406 932 586 1012 conspectu
610 932 795 992 castrorum
819 926 981 998 discessit.
1028 949 1135 1012 neque
1158 950 1237 995 vero

169 1034 349 1118 Pompeius
373 1034 507 1118 cognito
538 1032 675 1099 consilio
707 1032 778 1097 eius
801 1054 929 1099 moram
953 1034 1057 1099 ullam
1081 1035 1125 1099 ad
1146 1034 1248 1100 inse·'

171 1141 338 1226 quendum
360 1140 480 1221 intulit,
498 1142 557 1205 sed
576 1141 691 1206 eodem
711 1140 777 1220 die,
794 1146 1001 1225 exspectans
1019 1141 1049 1206 si
1067 1140 1103 1206 in
1121 1141 1238 1209 itinere

171 1249 346 1333 impeditos
370 1253 402 1312 et
424 1247 613 1331 perterritos
636 1248 884 1332 deprehendere
909 1253 1031 1334 posset,
1056 1249 1238 1317 exercitum

171 1379 188 1421 e
211 1355 330 1421 castris
353 1355 466 1420 eduxit
488 1354 738 1441 equitatumque
761 1355 933 1440 praemisit
955 1357 999 1421 ad
1017 1355 1236 1424 novissimum

171 1485 291 1548 agmen
307 1462 547 1527 demorandum
566 1483 674 1547 neque
688 1462 846 1546 consequi
864 1461 980 1547 potuit,
992 1465 1080 1547 quod
1096 1463 1236 1531 multum

135 1589 147 1630 l
171 1570 321 1655 expedito
344 1569 461 1636 itinere
484 1575 709 1636 antecesserat
737 1570 870 1642 Caesar,
917 1571 977 1635 sed
1000 1592 1076 1635 cum
1098 1578 1236 1638 ventum

171 1685 258 1746 esset
290 1682 334 1745 ad
360 1679 482 1743 llumen
505 1676 701 1758 Genusum,
730 1679 819 1762 quod
853 1677 936 1762 ripis
963 1683 1033 1744 erat
1057 1679 1237 1763 impeditis

135 1805 148 1846 5
171 1794 367 1854 consecutus
384 1786 549 1873 equitatus
573 1785 775 1851 novissimos
797 1785 921 1869 proelio
945 1784 1124 1852 detinebat.
1156 1787 1237 1854 huic

171 1917 249 1960 suos
273 1895 398 1961 Caesar
421 1893 549 1980 equites
572 1890 728 1977 opposuit
746 1892 984 1978 expeditosque
1000 1893 1238 1980 antesignanos

171 2002 348 2068 admiscuit
371 2001 502 2082 CCCC;
531 2000 587 2085 qui
618 2005 746 2066 tantum
770 2000 1003 2084 profecerunt,
1029 2006 1066 2067 ut
1092 2004 1238 2087 equestri

171 2110 292 2196 proelio
319 2109 495 2175 commisso
524 2108 682 2193 pellerent
710 2129 825 2174 omnes
851 2109 1103 2194 compluresque
1131 2109 1237 2176 inter-

171 2221 315 2298 ficerent,
339 2218 403 2302 ipsi
425 2217 609 2283 incolumes
628 2239 664 2282 se
687 2216 730 2280 ad
754 2237 876 2302 agmen
899 2216 1095 2301 reciperent.

136 2343 145 2383 1
258 2326 411 2391 LXXVI.
436 2325 594 2391 Confecto
617 2325 705 2390 iusto
727 2324 844 2390 itinere
868 2325 939 2390 eius
961 2325 1036 2407 diei,
1056 2326 1144 2411 quod
1159 2348 1238 2412 pro-

171 2439 335 2517 posuerat,
358 2431 482 2497 Caesar
502 2432 763 2517 transductoque
792 2432 938 2499 exercitu
967 2433 1088 2497 flumen
1120 2431 1237 2498 Genu-

169 2563 244 2605 sum
267 2539 434 2605 releribus
457 2539 527 2604 suis
552 2539 587 2603 in
618 2539 734 2605 castris
764 2545 880 2606 contra
905 2540 1131 2625 Asparagium
1155 2564 1237 2608 con·

169 2648 255 2714 sedit
277 2647 464 2733 militesque
480 2669 596 2713 omnes
612 2648 699 2713 intra
718 2650 844 2715 vallum
865 2655 1048 2716 castrorum
1072 2649 1238 2717 continuit

169 2757 418 2842 equitatumque
441 2779 500 2841 per
523 2777 657 2821 causam
675 2758 855 2841 pabulandi
879 2757 1038 2823 emissum
1062 2759 1236 2826 confestim

134 2879 147 2923 2
171 2868 356 2932 decumana
378 2871 473 2950 porta
496 2864 531 2929 in
554 2871 666 2931 castra
682 2885 717 2932 se
740 2865 886 2950 recipere
908 2865 1015 2931 iussit.
1062 2865 1160 2932 simili
1184 2888 1237 2932 ra-

169 2974 255 3038 tione
277 2973 457 3058 Pompeius
482 2974 632 3039 confecto
657 2973 729 3039 eius
752 2974 815 3039 diei
846 2974 962 3040 itinere
991 2974 1027 3040 in
1050 2974 1120 3039 suis
1141 2981 1237 3041 vete·

169 3082 260 3146 ribus
280 3081 400 3147 castris
419 3082 462 3147 ad
478 3081 704 3166 Asparagium
717 3081 876 3148 consedit.
923 3082 994 3146 eius
1012 3081 1131 3147 milites
1147 3085 1237 3166 quod

170 3193 211 3255 ab
241 3212 338 3275 opere
360 3190 498 3275 integris
521 3189 759 3254 munitionibus
791 3191 968 3270 vacabant,
999 3190 1057 3254 alii
1085 3189 1238 3275 lignandi

169 3299 416 3384 pabulandique
440 3318 543 3363 causa
565 3296 697 3381 longius
719 3297 1029 3382 progrediebantur,
1052 3297 1117 3379 alii,
1146 3300 1238 3383 quod

169 3407 277 3472 subito
300 3405 472 3472 consilium
496 3404 710 3490 protectionis
738 3411 870 3490 ceperat
901 3426 1025 3490 magna
1047 3412 1140 3491 parte
1170 3407 1236 3472 im-

169 3515 433 3598 pedimentorum
456 3517 488 3577 et
512 3510 715 3576 sarcinarum
732 3511 858 3593 relicta,
882 3514 925 3578 ad
948 3513 1033 3577 haec
1056 3516 1237 3598 repetenda

169 3621 301 3687 invitati
319 3620 564 3706 propinquitate
588 3620 795 3702 superiorum
819 3627 1005 3687 castrorum
1028 3621 1186 3707 depositis
1202 3622 1237 3688 in

133 3730 383 3798 acoutubemio
407 3729 509 3795 armis
533 3728 659 3796 vallum
682 3729 924 3816 relinquebant.
972 3730 1091 3815 quibus
1115 3731 1159 3796 ad
1182 3751 1236 3798 se-

169 3840 337 3926 quendum
360 3837 539 3926 impeditis
563 3839 651 3924 quod
674 3839 744 3904 fore
766 3839 967 3924 providerat,
987 3838 1111 3904 Caesar
1133 3838 1237 3920 meri·
