2768 4200
171 214 223 271 114
535 208 586 263 DE
608 207 732 266 BELLO
754 207 876 265 CIVILI

170 373 390 469 tissime[que]
416 377 489 442 Tito
511 375 660 458 Pulione‚
685 377 780 443 euius
796 399 896 462 opera
915 378 1084 462 proditum
1108 381 1239 448 exerui·

171 495 243 555 tum
267 486 304 552 C.
335 484 474 550 Antonii
501 485 822 566 demonstravimuS,
855 487 969 551 eloco
1003 496 1243 574 propugnante.

135 616 147 657 o
170 599 230 663 sed
254 601 366 661 tamen
387 593 491 658 nostri
514 592 637 658 virtute
654 592 807 659 vicerunt
823 594 998 680 excisoque
1015 594 1114 661 ericio
1138 597 1243 682 primo

170 695 204 770 in
230 704 357 769 maiora
390 709 512 782 castra,
538 706 613 786 post
636 701 737 767 etiam
773 701 807 766 in
841 702 1025 783 castellum,
1050 706 1139 788 quod
1174 712 1244 773 erat

169 813 335 878 inclusum
367 808 548 876 maioribus
581 807 710 889 cestrie,
733 808 932 893 irruperunt,
966 811 1054 894 qnod
1085 833 1124 876 eo
1147 814 1243 900 pulsa

170 921 256 1006 legio
280 941 352 985 sese
387 922 567 1003 receperat,
596 922 629 982 et
651 917 826 984 nonnullos
861 918 908 984 ibi
936 925 1161 1007 repugnantes
1191 922 1242 990 in-

171 1030 380 1094 terfecerunt.

137 1153 147 1194 1
260 1135 414 1204 LXVIII.
440 1133 506 1201 Sed
522 1133 662 1206 fortuna„
687 1155 773 1219 quae
792 1133 970 1218 plurimum
989 1139 1098 1219 potest
1116 1157 1194 1202 cum
1209 1138 1242 1204 iu

170 1245 306 1331 reliquis
329 1247 428 1310 rebus
451 1251 520 1308 tum
549 1242 727 1327 praecipue
750 1243 784 1307 in
807 1243 903 1328 bello,
929 1244 1043 1328 parvis
1067 1247 1241 1314 momentis

172 1375 313 1440 magnas
342 1374 453 1417 rerum
484 1351 759 1418 commutationes
791 1351 906 1431 eflicit3
934 1357 971 1416 ut
1000 1358 1072 1418 tum
1107 1355 1240 1423 accidit.

136 1490 149 1532 n
172 1461 389 1527 munitionem
413 1459 519 1540 eninr,
547 1480 646 1544 quam
670 1458 835 1542 pertinere
859 1481 879 1524 a
904 1460 1020 1526 castris
1044 1463 1088 1526 ad
1118 1463 1242 1530 flumen

172 1591 272 1655 supra
295 1568 606 1648 demonstravimus,
635 1567 741 1632 dextri
764 1552 918 1634 Caesaris
942 1591 1064 1636 cornus
1088 1571 1241 1640 cohortes

172 1679 361 1764 ignorantia
389 1678 455 1744 loci
485 1684 562 1743 sunt
593 1682 736 1756 secutae,
771 1699 848 1742 cum
878 1685 1008 1765 portam
1040 1689 1238 1765 quaererent

136 1816 149 1855 a
173 1792 423 1873 castrorumque
439 1807 512 1851 eam
531 1784 744 1850 munitionem
769 1807 841 1850 esse
860 1786 1107 1854 arbitrarentur.
1153 1791 1242 1875 quod

173 1917 250 1960 cum
273 1901 361 1961 esset
383 1894 653 1959 animadversum
671 1893 882 1960 coniunctam
907 1916 981 1960 esse
1000 1896 1138 1974 flumini,
1163 1920 1240 1983 pro-

172 2004 253 2069 rutis
278 2002 517 2068 munitionibus
542 2003 738 2069 defendente
754 2003 843 2068 nullo
860 2005 1146 2088 transcenderunt,
1171 2029 1242 2072 om-

173 2112 290 2196 nisque
313 2117 425 2177 noster
448 2110 616 2197 equitatus
633 2133 690 2177 eas
712 2112 867 2178 cohortes
891 2118 940 2178 est
963 2119 1110 2180 secutus.

139 2245 147 2285 1
261 2219 383 2284 LXIX.
402 2218 540 2283 Interim
558 2218 737 2303 Pompeius
754 2219 818 2284 hac
835 2219 915 2284 satis
938 2220 1040 2305 longa
1063 2220 1240 2288 interiecta

173 2347 266 2390 mora
286 2325 345 2416 [et]
362 2349 397 2391 re
415 2325 565 2391 nuntiata
584 2326 614 2391 V
632 2326 780 2412 legiones
800 2329 842 2392 ab
862 2349 959 2412 opere
983 2327 1143 2394 deductas
1160 2331 1240 2395 sub-

74 2487 77 2492 .
172 2434 256 2499 sidio
280 2435 349 2500 suis
383 2434 490 2518 duxit3
522 2435 702 2521 eodemque
726 2441 872 2520 tempore
895 2436 1060 2520 equitatus
1083 2436 1155 2503 eius
1178 2461 1239 2503 no-

172 2543 248 2609 stris
264 2543 431 2629 cquitibus
446 2543 734 2629 appropinquabat
746 2549 778 2609 et
790 2544 878 2609 acies
893 2543 1054 2609 instructa
1071 2566 1091 2609 a
1106 2546 1239 2627 nostris,

173 2650 229 2736 qui
253 2657 363 2717 castra
381 2657 634 2734 occupaverant,
653 2654 865 2731 cernebatur;
889 2650 1065 2737 omniaque
1088 2658 1167 2718 sunt
1181 2674 1239 2718 su·

139 2759 239 2824 abito
263 2765 398 2825 mutata.
444 2759 649 2844 Pompeiana
670 2758 757 2842 legio
781 2758 898 2823 celeris
922 2779 980 2842 spe
1002 2759 1143 2824 subsidii
1158 2782 1239 2826 con·

172 2867 301 2933 sumata
325 2869 367 2932 ab
400 2869 586 2931 decumana
612 2871 708 2950 porta
736 2865 890 2931 resistere
921 2869 1105 2932 conabatur
1137 2872 1237 2953 atque
1290 2905 1296 2917 x

172 2976 257 3041 uttro
280 2975 315 3040 in
338 2981 468 3041 nostros
499 2975 661 3059 impetum
684 2974 843 3055 faciebam
868 2974 1036 3060 equitatus
1071 2975 1238 3058 Caesarie,

173 3084 260 3167 quod
283 3087 425 3168 angusto
448 3083 566 3149 itinere
599 3104 657 3167 per
686 3103 826 3167 aggeres
857 3083 1061 3163 ascenderat,
1089 3089 1204 3168 recept
1230 3083 1237 3096 ‘

135 3212 148 3254 e
172 3211 231 3254 suo
250 3189 370 3254 timens
392 3189 524 3255 initium
540 3190 641 3274 fugae
660 3189 820 3269 sacicbat3
843 3190 996 3255 dextrum
1020 3211 1131 3270 cornu,
1147 3193 1239 3276 quod

172 3303 242 3362 erat
265 3296 441 3362 asinistro
466 3298 642 3377 seclusum,
669 3302 791 3362 terrore
819 3296 965 3381 equitum
991 3296 1237 3380 animadverso,

171 3424 213 3466 ne
235 3402 322 3468 intra
345 3401 560 3467 munitionem
579 3402 828 3486 opprimeretur,
853 3424 892 3466 ea
915 3407 1018 3485 parte,
1042 3424 1142 3487 quam
1159 3426 1237 3489 pro·

170 3517 291 3592 ruerat,
313 3533 387 3576 sose
413 3511 605 3599 recipiebat,
631 3533 671 3577 ac
689 3511 838 3598 plerique
862 3534 902 3576 cx
920 3511 984 3593 his,
1008 3533 1050 3577 ne
1074 3511 1108 3576 in
1127 3533 1237 3599 angu-

172 3621 252 3687 stias
274 3621 466 3702 inciderent,
502 3645 542 3687 ex
572 3622 606 3686 X
635 3624 757 3706 pedum
787 3621 969 3688 munitione
1004 3643 1040 3688 se
1069 3622 1104 3687 in
1128 3624 1238 3691 fossas

171 3719 446 3813 praecipitabant·
473 3728 652 3815 primisque
675 3729 848 3815 ¹oppressis
878 3730 997 3815 reliqui
1027 3753 1085 3815 per
1115 3732 1237 3800 horum

135 3855 308 3920 ecorpora
331 3837 471 3905 salutem
505 3837 568 3902 sibi
603 3843 701 3924 atque
733 3837 856 3904 exitum
886 3837 1076 3923 pariebant;
1100 3839 1237 3908 sinistro
