2768 4200
468 216 588 273 COMM.
608 215 660 271 III.
681 214 764 271 CAP.
784 215 886 272 l-IV.
1176 217 1212 270 77

127 384 252 470 giones
275 381 352 462 XII,
368 379 552 465 equitatum
568 398 702 444 omnem
717 377 833 443 venire
855 378 1007 444 iusserat.
1054 380 1115 444 sed
1132 385 1207 443 tan-

137 476 208 558 tuin
227 490 366 556 navium
381 487 535 572 repperit,
550 493 587 552 ut
603 491 744 571 anguste
762 485 827 551 XV
843 485 935 551 milia
952 485 1210 571 legionariorum

138 600 293 678 militum,
317 596 377 662 DC
409 594 536 680 equites
570 592 791 678 transportari
823 600 971 676 possent.
1017 586 1210 659 hoo'unum

138 705 276 772 Caesari
299 706 343 769 ad
378 701 582 768 celeritatem
604 699 813 787 [conficiendi
841 700 922 766 belli
951 700 1065 771 desuit.
1112 707 1212 784 atque

139 831 198 879 eae
221 813 315 897 ipsae
339 809 455 895 copiae
478 809 543 874 hoc
568 808 846 894 infrequentiores
874 808 1099 892 imponuntur,
1123 811 1249 893 quod3

139 921 236 988 multi
260 918 399 985 Gallicis
433 923 481 983 tot
511 917 608 982 bellis
631 917 833 997 deiecerant,
855 917 1060 1002 longumque
1084 916 1147 982 iter
1170 939 1212 982 ex

139 1027 305 1112 Hispania
328 1045 490 1110 magnum
512 1045 691 1088 numerum
714 1023 932 1103 deminuerat,
955 1030 988 1089 et
1013 1023 1127 1108 gravis
1151 1044 1213 1086 au-

136 1143 276 1202 tumnus
298 1135 334 1198 in
358 1131 483 1216 Apulia
505 1131 699 1215 circumque
726 1131 940 1196 Brundisium
969 1153 1011 1195 ex
1033 1129 1212 1196 saluberri-

140 1244 204 1309 mis
228 1241 358 1308 Galliae
382 1245 416 1306 et
440 1238 623 1324 Hispaniae
652 1238 847 1322 regionibus
871 1259 1005 1303 omnem
1033 1237 1213 1302 exercitum

139 1350 333 1418 valetudine
351 1353 584 1433 temptaverat.

230 1459 292 1524 ΙΙΙ.
319 1455 501 1540 Pompeius
532 1475 681 1519 annuum
715 1453 861 1536 spatium
894 1454 937 1518 ad
968 1455 1215 1538 comparandas
1240 1463 1248 1504 1

141 1566 256 1650 copias
274 1571 404 1644 nactus,
421 1565 510 1647 quod
525 1584 671 1628 vacuum
696 1583 716 1626 a
731 1561 818 1627 bello
835 1567 935 1647 atque
955 1565 998 1628 ab
1017 1563 1111 1629 hoste
1131 1563 1215 1629 otio-

140 1693 217 1736 sum
245 1671 363 1749 fuerat,
399 1689 562 1753 magnum
597 1688 639 1732 ex
670 1665 751 1732 Asia
781 1667 1052 1752 Cycladibusque
1082 1669 1216 1748 insulis,

141 1780 303 1865 Corcyra,
326 1776 477 1855 Athenis,
500 1776 616 1855 Ponto,
639 1772 808 1860 Bithynia,
824 1774 932 1860 Syria,
955 1775 1083 1856 Cilicia,
1106 1776 1216 1841 Phoe-

143 1886 229 1964 nice,
254 1885 410 1970 Aegypto
435 1883 575 1948 classem
593 1888 757 1966 coegerat,
773 1902 932 1966 magnam
956 1883 1111 1948 omnibus
1133 1883 1216 1948 locis

143 1991 389 2056 aedificandam
413 1995 606 2067 curaverat3
626 2009 787 2072 magnam
802 1989 1000 2073 imperatam
1019 1990 1131 2071 Asiae,
1155 1991 1217 2078 Sy·
1239 2003 1253 2046 2

144 2099 214 2162 riae
232 2099 434 2182 regibusque
457 2096 612 2162 omnibus
635 2102 668 2161 et
691 2096 844 2182 dynastis
868 2103 901 2162 et
923 2098 1099 2164 tetrarchis
1118 2106 1152 2165 et
1174 2100 1216 2164 li-

144 2205 234 2271 beris
253 2203 404 2269 Achaiae
426 2203 558 2288 populis
588 2202 765 2287 pecuniam
788 2211 955 2289 exegerat,
978 2226 1139 2290 magnam
1162 2229 1216 2273 so·

144 2313 283 2378 cietates
307 2332 421 2377 earum
453 2309 711 2394 provinciarum,
741 2330 825 2392 quas
848 2311 919 2397 ipse
942 2313 1123 2395 obtinebat,
1152 2315 1217 2380 sibi

144 2439 323 2485 numerare
345 2422 511 2502 coegerat.

235 2527 292 2597 IV.
329 2525 493 2610 Legiones
516 2525 674 2591 effecerat
698 2525 822 2592 civium
850 2525 1074 2593 Romanorum
1100 2528 1252 2596 VIIII:1

145 2634 177 2699 V
195 2656 235 2699 ex
259 2632 367 2711 Italia,
386 2653 470 2715 quas
488 2633 739 2714 transduxerat3
755 2655 859 2699 unam
881 2656 921 2700 ex
944 2635 1064 2700 Cilicia
1087 2620 1218 2701 uetera-

146 2760 235 2818 nam,
270 2760 372 2823 quam
408 2739 535 2803 factam
571 2760 612 2802 ex
647 2740 779 2804 duabus
802 2741 980 2824 gemellam
1010 2743 1218 2826 appellabat3

147 2866 252 2909 unam
284 2867 326 2909 ex
360 2844 461 2914 Creta
495 2851 528 2909 et
562 2844 762 2910 Macedonia
784 2868 825 2910 ex
847 2847 1016 2912 veteranis
1046 2847 1219 2929 militibus,

147 2951 207 3035 qui
230 2951 359 3015 dimissi
393 2972 413 3015 a
441 2951 670 3035 superioribus
703 2952 959 3036 imperatoribus
992 2953 1028 3017 in
1062 2955 1115 3020 his
1145 2978 1219 3040 pro-

147 3055 268 3120 vinciis
286 3057 517 3134 consederant;
542 3057 627 3121 duas
650 3079 690 3122 ex
708 3058 801 3137 Asia,
818 3080 901 3142 quas
919 3060 1081 3126 Lentulus
1104 3064 1220 3127 consul

145 3161 407 3228 conscribendas
430 3168 616 3227 curaverat.
664 3171 836 3248 praeterea
858 3187 1020 3251 magnum
1042 3191 1218 3235 numerum
1241 3195 1255 3238 2

147 3293 190 3336 ex
213 3269 398 3349 Thessalia,
421 3267 567 3350 Boeotia,
585 3271 717 3336 Achaia
732 3273 898 3359 Epiroque
921 3276 1144 3359 supplementi
1157 3299 1220 3342 no-

149 3377 239 3443 mine
265 3377 299 3441 in
333 3374 481 3461 legiones
513 3375 744 3462 distribuerat;
768 3379 821 3444 his
854 3382 1064 3448 Antonianos
1099 3383 1221 3450 milites

146 3485 384 3555 admiscuerat.
431 3490 565 3569 praeter
588 3485 651 3550 has
666 3489 883 3572 exspectabat
906 3510 983 3553 cum
1007 3489 1163 3574 Scipione
1179 3513 1257 3560 exe

149 3592 249 3680 Syria
270 3592 418 3677 legiones
441 3591 484 3658 H.
534 3592 725 3678 sagittarios
754 3594 866 3676 Cr'eta,
893 3597 1156 3680 Lacedaemone,
1179 3621 1221 3663 ex

150 3702 255 3767 Ponto
279 3708 378 3786 atque
407 3699 507 3786 Syria
528 3700 731 3786 reliquisque
753 3701 947 3768 civitatibus
969 3704 1021 3769 III
1044 3705 1136 3770 milia
1159 3727 1221 3769 nu-

150 3828 243 3874 mero
261 3807 417 3889 habebat,
440 3807 644 3878 funditorum
668 3808 820 3876 cohortes
835 3812 1044 3878 sesceuarias
1061 3813 1109 3885 ΙΙ,
1128 3811 1228 3892 equi-
