2768 4200
416 213 536 270 couu.
557 213 581 272 r.
601 212 687 271 cnr.
708 211 934 268 axv-uxrx.
1134 168 1136 172 ⁴
1175 209 1211 264 er

137 373 253 454 oculis,
269 380 395 439 metum
411 373 512 438 etiam
528 372 736 437 tribunorum
760 369 904 435 militum
927 373 960 434 et
978 368 1210 436 centurionum

104 540 109 549 .
137 480 361 566 praesentiam
385 481 517 560 afferre3
542 478 665 564 quibus
684 478 783 542 rebus
812 475 957 541 coerceri
975 475 1098 541 milites
1120 487 1152 536 ot
1176 476 1211 541 in

137 588 246 654 officio
270 587 433 653 contineri
457 587 593 654 soleant.
642 605 744 671 quare
760 583 852 648 omni
866 582 993 647 ratione
1017 603 1089 647 esse
1108 581 1210 647 imer-
1234 606 1248 648 a

138 695 195 760 diu
207 695 504 779 perrumpendum:
517 693 579 758 etsi
594 692 705 777 aliquo
719 695 855 774 accepto
874 689 1083 770 detrimento,
1098 696 1212 756 tamen

138 823 270 867 summa
293 801 460 866 exercitus
483 801 580 866 salva
602 800 723 880 locum,
740 821 839 884 quem
863 804 987 884 petant,
1003 799 1079 884 capi
1101 819 1210 883 posse.

136 910 223 974 haec
246 907 352 974 vincit
373 907 409 971 in
428 906 567 972 consilio
584 906 758 988 sententia,
774 912 807 972 et
825 906 932 991 prima
954 907 1029 972 luce
1051 905 1211 991 postridie
1234 926 1248 969 e

139 1015 347 1080 constituunt
368 1013 544 1098 proficisci.

229 1121 383 1186 LXVIII.
409 1120 534 1187 Caesar
551 1120 729 1206 exploratis
752 1121 945 1206 regionibus
962 1123 1095 1188 albente
1119 1122 1211 1187 caelo
1236 1138 1246 1180 1

139 1250 256 1294 omnes
285 1229 399 1313 copias
431 1228 550 1294 castris
577 1228 689 1294 educit
723 1250 912 1315 magnoque
947 1230 1090 1296 circuitu
1121 1231 1211 1296 nullo

139 1343 229 1401 certo
252 1336 370 1402 itinere
393 1337 575 1402 exercitum
595 1336 695 1403 ducit.
741 1358 821 1402 nam
837 1359 922 1422 quae
944 1337 1065 1404 itinera
1083 1340 1126 1402 ad
1149 1337 1211 1402 Hi-

139 1445 256 1509 berum
287 1451 387 1529 atque
422 1443 625 1528 Octogesam
656 1444 884 1528 pertinebant,
917 1444 1037 1510 castris
1064 1444 1212 1509 hostium

138 1551 298 1636 oppositis
328 1553 535 1617 tenebantur.
581 1550 646 1635 ipsi
676 1557 772 1617 eraut
795 1553 1083 1617 transcendendae
1106 1552 1249 1617 valles2

138 1659 305 1726 maximae
335 1681 375 1725 ac
408 1657 642 1737 difficillimae;
666 1679 748 1723 saxa
779 1657 893 1724 multis
923 1657 1004 1722 locis
1033 1664 1212 1742 praerupta

136 1766 199 1831 iter
221 1765 460 1849 impediebant,
484 1771 521 1830 ut
544 1786 639 1830 arma
661 1786 720 1848 per
743 1785 862 1830 manus
886 1765 1075 1830 necessario
1098 1767 1211 1830 trade-

137 1879 251 1938 rentur
273 1873 460 1957 militesque
491 1872 610 1936 inermi
633 1872 864 1956 sublevatique
888 1872 946 1937 alii
974 1874 1017 1937 ab
1041 1872 1115 1936 aliis
1138 1894 1212 1936 ma-

137 1997 242 2060 gnam
276 1983 406 2061 partem
436 1977 562 2042 itineris
591 1978 799 2042 conficerent.
848 1979 909 2042 sed
944 1978 1034 2042 hunc
1062 1978 1249 2043 laborem3

137 2084 316 2148 recusabat
339 2105 446 2164 nemo,
471 2085 560 2168 quod
583 2106 660 2149 eum
684 2084 831 2148 omnium
855 2085 1007 2149 laborum
1027 2085 1126 2151 finem
1143 2086 1212 2151 sore

139 2190 381 2272 existimabant,
406 2191 434 2255 si
456 2192 586 2256 hostem
609 2192 733 2256 Hibero
756 2191 976 2256 intercludere
996 2198 1028 2257 et
1046 2194 1212 2257 frumento

138 2297 314 2380 prohibere
338 2297 531 2383 potuissent.

227 2403 351 2470 LXIX.
375 2405 426 2470 Ac
449 2404 557 2489 primo
590 2404 766 2471 Afraniani
794 2405 917 2472 milites
945 2405 1078 2471 visendi
1109 2420 1246 2473 causal

137 2511 214 2576 lacti
242 2533 283 2576 ex
313 2512 431 2578 castris
463 2514 704 2596 procurrebant
733 2512 1047 2599 contumeliosisque
1071 2515 1211 2579 vocibus

137 2619 423 2703 prosequebantur
446 2627 599 2687 nostros:
623 2619 803 2685 necessarii
820 2619 931 2684 victus
949 2620 1062 2705 inopia
1078 2627 1211 2686 coactos

137 2724 252 2808 fugere
275 2731 375 2809 atque
398 2727 442 2790 ad
464 2726 610 2791 Ilerdam
634 2726 764 2791 reverti.
812 2726 990 2792 eratenim
1009 2728 1071 2791 iter
1090 2747 1111 2790 a
1133 2748 1210 2810 pro-

138 2831 245 2912 posito
269 2832 449 2912 diversum,
472 2833 740 2917 contrariamque
756 2833 790 2897 in
806 2840 937 2917 partem
960 2833 1001 2897 iri
1023 2833 1209 2898 videbatur.

138 2936 240 3002 duces
263 2960 342 3002 vero
370 2961 484 3005 eorum
507 2941 683 3006 consilium
714 2962 811 3005 suum
834 2941 991 3005 laudibus
1015 2941 1208 3020 efferebant,
1233 2967 1247 3008 2

139 3045 227 3126 quod
255 3066 291 3109 se
326 3047 446 3111 castris
469 3047 669 3126 tenuissent3
702 3035 909 3131 multumque
939 3069 1053 3112 eorum
1081 3047 1210 3130 opinio-

137 3172 213 3216 nem
238 3152 429 3232 adiuvabat‚
454 3157 542 3238 quod
565 3154 637 3219 sine
660 3153 817 3218 iumentis
832 3153 1144 3238 impedimentisque
1167 3156 1210 3218 ad

137 3258 199 3323 iter
232 3259 398 3342 profectos
421 3259 599 3342 videbant,
630 3266 666 3325 ut
694 3282 761 3324 non
792 3282 891 3344 posse
914 3261 1060 3347 inopiam
1084 3262 1209 3327 diutius

137 3367 301 3433 sustinere
331 3367 545 3434 confiderent.
593 3371 651 3434 sed
674 3368 731 3432 ubi
755 3369 919 3452 paulatim
941 3369 1123 3455 retorqueri
1146 3391 1208 3455 ag·
1233 3392 1246 3433 e

137 3493 213 3537 men
237 3474 281 3537 ad
305 3475 457 3538 dextram
481 3481 725 3559 conspexerunt
750 3474 883 3560 iamque
905 3475 1031 3561 primos
1054 3494 1210 3558 superare

135 3580 306 3663 regionem
341 3587 526 3645 castrorum
563 3582 709 3647 animum
741 3584 974 3663 adverterunt,
1007 3603 1105 3647 nemo
1138 3589 1211 3647 erat

137 3689 220 3751 adeo
255 3689 371 3752 tardus
406 3694 464 3752 aut
498 3688 632 3772 fugiens
666 3688 801 3770 laboris,
835 3689 915 3775 quin
945 3690 1059 3756 statim
1090 3688 1209 3755 castris

136 3796 328 3859 exeundum
343 3801 444 3879 atque
460 3796 701 3861 occurrendum
725 3802 867 3879 putaret.
914 3798 1142 3863 conclamatur
1165 3797 1217 3858 ad
1240 3824 1257 3860 a
