2768 4200
430 211 549 268 contu.
567 215 619 270 nr.
640 214 725 271 cnr.
742 194 950 270 xurrssxnr.
1166 212 1216 267 ror

153 379 307 454 efficeret,
332 379 437 458 tertio,
461 386 496 444 ut
520 378 760 457 auctoritatem,
791 399 856 463 qua
882 377 936 442 ille
960 376 1104 442 maxime
1128 378 1217 460 apud

151 495 280 554 exteras
302 487 452 554 nationes
470 487 530 552 niti
553 487 738 567 ridebatur,
755 489 926 568 minueret,
949 509 1026 551 cum
1049 487 1140 550 fama
1159 507 1217 570 per

150 599 263 662 orbem
278 602 442 662 terrarum
458 594 725 679 percrebruisset,
748 595 840 658 illum
865 617 885 660 a
909 594 1051 658 Caesare
1074 591 1218 657 obsideri

149 723 257 788 neque
280 703 402 766 audere
424 701 546 786 proelio
565 701 734 767 dimicare.
1048 773 1051 778 ,

238 810 359 875 XLIV.
382 809 561 892 Pompeius
590 831 698 893 neque
722 830 742 873 a
765 808 848 872 mari
872 808 1126 894 Dyrrachioque
1150 806 1214 870 dis·
1240 820 1251 861 1

147 918 267 983 cedere
280 916 422 997 volebat,
442 916 531 1000 quod
550 937 681 981 omnem
701 922 898 1001 apparatum
913 915 1003 995 belli,
1017 916 1093 993 tela,
1110 936 1213 992 arma,

146 1028 309 1089 tormenta
332 1022 378 1087 ibi
402 1022 624 1088 collocaverat
642 1024 911 1108 frumentumque
935 1022 1093 1089 exercitui
1116 1022 1214 1087 navi-

145 1133 209 1196 bus
233 1131 459 1213 supportabat,
490 1152 598 1214 neque
626 1128 825 1194 munitiones
857 1130 1011 1195 Caesaris
1041 1129 1216 1213 prohibere

143 1245 284 1323 poterat,
309 1238 373 1304 nisi
395 1238 521 1322 proelio
554 1240 722 1303 decertare
746 1238 862 1315 vellet3
888 1239 977 1322 quod
1002 1259 1039 1301 eo
1068 1242 1216 1319 tempore

143 1345 337 1411 faciendum
361 1368 426 1410 non
457 1367 530 1410 esse
555 1351 724 1416 statuerat.
773 1346 1031 1430 relinquebatur,
1055 1351 1091 1410 ut
1110 1351 1252 1410 extre-2

142 1474 233 1518 mam
257 1454 418 1518 rationem
434 1454 510 1517 belli
527 1475 670 1537 sequens
690 1453 966 1538 quamplurimos
991 1453 1091 1517 colles
1115 1474 1214 1516 ocen-

142 1567 236 1645 paret
253 1568 285 1624 et
304 1580 405 1644 quam
421 1559 602 1624 latissimas
617 1559 770 1644 regiones
789 1560 965 1644 praesidiis
986 1565 1111 1625 teneret
1127 1560 1214 1624 Cae-

123 1667 295 1751 sarisque
319 1669 443 1750 copias,
468 1689 568 1751 quam
592 1668 735 1733 maxime
759 1675 880 1752 posset,
905 1668 1091 1744 distineret;
1115 1666 1213 1751 idque

141 1775 273 1840 accidit.
312 1774 458 1839 castellis
475 1775 561 1839 enim
580 1775 696 1839 XXIV
711 1776 836 1841 effectis
854 1774 919 1839 XV
943 1774 1034 1838 milia
1052 1795 1210 1857 passuum
1236 1792 1249 1826 :r

139 1883 180 1947 in
205 1882 347 1947 circuitu
371 1882 564 1966 complexus
578 1884 642 1947 lroc
660 1882 766 1967 spatio
784 1882 1024 1966 pabulabatur3
1043 1881 1212 1965 multaque

139 1996 237 2055 erant
259 1990 346 2055 intra
370 2012 446 2056 eum
478 1991 589 2054 locum
612 2011 712 2053 manu
740 1995 823 2068 sata,
853 1989 973 2072 quibus
997 1987 1127 2052 interim
1158 1988 1210 2050 iu-

140 2102 253 2162 menta
276 2103 438 2181 pasceret.
486 2103 584 2181 atque
609 2102 644 2160 ut
675 2097 777 2161 nostri
802 2104 980 2181 perpetuas
1011 2096 1247 2161 munitionest

139 2202 360 2270 instituebant
382 2207 561 2288 perductas
592 2228 632 2270 ex
656 2205 802 2269 castellis
826 2205 859 2269 in
881 2205 1032 2289 proxima
1063 2205 1210 2283 castella,

136 2333 264 2398 nequo
288 2313 360 2376 loco
385 2318 595 2394 erumperent
619 2312 811 2396 Pompeiani
835 2335 874 2379 ac
898 2319 1028 2378 nostros
1046 2319 1121 2397 post
1144 2319 1210 2377 ter-

136 2440 218 2504 gum
243 2419 460 2499 adorirentur,
485 2420 531 2483 ita
555 2419 603 2483 illi
626 2421 779 2486 interiore
804 2422 911 2505 spatio
935 2429 1112 2505 perpetuas
1136 2443 1210 2485 mu-

139 2526 282 2592 nitiones
306 2527 502 2606 efficiebant,
527 2551 568 2593 ne
588 2551 688 2613 quem
705 2529 815 2593 locum
840 2529 944 2593 nostri
967 2529 1092 2592 intrare
1110 2533 1210 2610 atque

135 2632 228 2716 ipsos
252 2654 273 2697 a
301 2644 392 2718 tergo
427 2635 668 2700 circumvenire
700 2641 844 2719 possent.
893 2636 952 2699 sed
984 2634 1032 2698 illi
1055 2633 1210 2717 operibus
1235 2646 1248 2683 ι’»

137 2740 326 2822 vincebant,
354 2744 443 2826 qnod
471 2750 503 2809 et
537 2766 673 2809 numero
697 2745 839 2809 militnm
864 2747 1079 2828 praestabant
1102 2749 1135 2808 et
1158 2742 1209 2805 in-

136 2846 254 2913 terio're
276 2849 383 2933 spatio
416 2850 577 2914 minorem
601 2851 775 2917 circuitum
799 2853 976 2916 habebant.
1024 2871 1108 2934 quae
1132 2872 1207 2914 cum
1234 2860 1248 2900 6

136 2959 233 3020 erant
253 2955 328 3021 loca
358 2958 495 3022 Caesari
528 2958 699 3041 capienda,
730 2960 792 3024 etsi
822 2958 997 3042 prohibere
1031 2957 1209 3040 Pompeius

134 3060 214 3125 totis
237 3061 342 3145 copiis
361 3069 392 3126 et
409 3061 566 3127 dimicare
584 3086 649 3127 non
666 3064 891 3133 constituerat,
906 3071 1016 3129 tamen
1041 3062 1110 3127 suis
1126 3062 1208 3126 loeis

133 3166 326 3250 sagittarios
349 3168 599 3254 funditoresque
618 3171 778 3250 mittebat,
797 3193 938 3257 quorum
960 3190 1121 3254 magnum
1143 3168 1207 3232 ha-

132 3273 236 3339 bebat
253 3296 437 3354 numerum,
456 3277 616 3360 multique
634 3300 674 3342 cx
693 3279 813 3343 nostris
833 3279 1113 3356 vulnerabantur3
1134 3296 1206 3339 ma-

134 3400 288 3465 gnusque
312 3383 495 3448 incesserat
517 3383 615 3448 timor
638 3387 845 3471 sagittarum,
877 3392 975 3469 atque
1000 3406 1114 3449 omnes
1138 3385 1207 3448 sero
1227 3399 1244 3440 ῐ

134 3487 257 3552 milites
282 3496 339 3554 aut
362 3512 403 3552 ex
437 3491 562 3555 coactis
595 3499 652 3557 aut.
675 3515 715 3557 ex
739 3493 934 3558 centonibus
964 3498 1020 3556 aut
1044 3514 1084 3554 ex
1108 3489 1205 3555 coriis

134 3593 267 3658 tunicas
291 3602 349 3660 aut
373 3596 554 3680 tegimenta
579 3601 737 3680 l'eoerant,
762 3601 883 3685 quibus
907 3600 972 3665 tela
994 3599 1145 3664 vitarent.

193 3714 197 3723 '
226 3701 329 3767 XLV.
354 3705 392 3768 ln
416 3707 619 3788 occupandis
648 3708 822 3791 praesidiis
852 3728 975 3791 magna
1004 3706 1037 3768 ri
1067 3711 1206 3788 uterque
1232 3721 1241 3761 1

135 3806 319 3888 nitebatur;
339 3809 473 3885 Cacsar,
493 3819 529 3876 ut
548 3835 648 3898 quam
663 3816 899 3898 angustissime
917 3814 1109 3899 Pompeium
1128 3833 1206 3877 con·
