2768 4200
221 233 257 288 26
587 234 639 288 DE
658 233 783 290 BELLO
803 230 926 286 CIVILI

181 409 200 452 4
222 400 297 460 raut
312 399 471 478 oportere.
500 394 613 478 itaque
626 392 827 478 perturbatis
844 391 1073 476 antesignanis
1092 392 1191 478 legio,
1207 413 1294 480 quae

222 502 257 565 iu
280 522 319 565 eo
343 523 447 566 cornu
471 500 674 580 constiterat,
696 500 806 565 locum
822 520 889 564 non
912 498 1018 563 tenuit
1041 504 1141 584 atque
1164 501 1199 565 in
1215 525 1294 586 pro-

220 607 347 672 ximum
371 608 488 673 collem
513 629 588 673 sese
611 608 747 691 recepit.

187 733 196 772 1
311 716 413 780 XLV.
444 716 568 780 Caesar
601 736 707 799 paene
745 714 837 779 omni
873 717 946 780 acie
980 718 1169 801 perterrita,
1204 720 1294 801 quod

221 827 352 904 praeter
378 821 569 906 opinionem
592 821 933 906 consuetudinemque
963 824 1145 904 acciderat,
1170 825 1292 888 cohor-

221 934 310 994 tatus
333 949 411 993 suos
433 928 599 1013 legionem
628 949 752 994 nonam
780 929 930 994 subsidio
958 932 1060 1014 ducit,
1085 934 1216 997 hostem
1240 933 1293 996 in-

220 1035 363 1100 solenter
395 1042 495 1118 atque
530 1034 650 1099 acriter
685 1041 815 1100 nostros
851 1035 1081 1120 insequentem
1115 1038 1295 1122 supprimit

219 1163 400 1226 rursusque
423 1149 520 1225 terga
542 1148 672 1207 vertere
695 1164 797 1226 seque
821 1145 864 1207 ad
888 1143 1048 1228 oppidum
1070 1144 1215 1210 Ilerdam
1237 1166 1293 1209 re-

178 1269 197 1309 a
221 1247 331 1332 cipere
349 1255 383 1314 et
406 1249 467 1312 sub
483 1269 577 1312 muro
597 1248 915 1334 00110101010001111.1
945 1252 1005 1317 scd
1028 1273 1136 1316 nonae
1152 1251 1293 1335 legionis

219 1355 341 1420 milites
363 1355 442 1420 elati
463 1355 584 1434 studio,
608 1356 687 1420 dum
712 1356 835 1421 sarcire
858 1362 1033 1441 acceptum
1057 1358 1294 1423 detrimentum

218 1461 345 1536 volunt,
370 1467 494 1526 temere
517 1461 657 1526 insecuti
683 1463 815 1547 longius
839 1463 1006 1548 fugientes
1034 1464 1201 1529 inlocum
1226 1464 1293 1528 ini-

219 1589 322 1651 quum
345 1567 605 1652 progrediuntur
628 1575 662 1634 et
684 1571 746 1633 sub
770 1574 927 1648 montem,
951 1569 986 1633 in
1010 1591 1077 1653 quo
1101 1577 1173 1635 erat
1196 1571 1292 1654 oppi-

178 1695 195 1734 a
218 1675 299 1738 dum
322 1675 467 1759 positum
491 1674 611 1756 Ilerda,
639 1676 834 1741 succedunt.
881 1676 960 1740 hinc
984 1696 1020 1740 se
1041 1675 1189 1758 recipere
1213 1697 1291 1740 cum

217 1785 353 1865 vellent,
376 1806 494 1851 rursus
517 1785 566 1850 illi
589 1808 630 1850 ex
652 1787 725 1850 loco
744 1785 912 1868 superiore
928 1792 1060 1850 nostros
1083 1786 1290 1869 premebant.

182 1897 418 1975 4praeruptus
448 1892 542 1957 locus
573 1898 653 1961 erat.
683 1899 823 1975 utraque
851 1913 891 1956 ex
920 1897 1014 1976 parte
1044 1892 1214 1969 derectuS,
1250 1911 1290 1955 ac

218 2004 347 2065 tantum
371 1999 405 2063 in
427 1998 636 2065 latitudinem
653 2000 798 2084 patebat,
814 2005 851 2064 ut
873 2004 941 2064 tres
964 1999 1146 2064 instructae
1170 1998 1291 2062 cohor-

161 2194 163 2199 4
218 2115 268 2173 tes
303 2129 381 2173 eum
412 2107 524 2172 locum
557 2108 745 2191 explerent:
777 2113 814 2172 ut
843 2127 952 2191 neque
984 2105 1136 2171 subsidia
1165 2107 1208 2170 ab
1238 2105 1290 2170 la-

217 2213 342 2279 teribus
372 2214 523 2280 submitti
553 2236 660 2298 neque
691 2213 821 2299 equites
850 2213 1081 2279 laborantibus
1108 2215 1186 2279 usui
1216 2236 1291 2280 esse

181 2337 195 2376 ῑ»
217 2326 364 2405 possent.
411 2322 454 2385 ab
478 2321 599 2406 oppido
635 2328 747 2388 autem
771 2321 909 2388 declivis
941 2322 1034 2387 locus
1066 2323 1134 2387 leni
1156 2323 1290 2406 fastigio

181 2446 194 2481 o
217 2430 377 2512 vergebat
407 2429 443 2493 in
476 2429 717 2514 longitudinem
744 2451 869 2514 ,passus
900 2429 1031 2496 circiter
1053 2429 1178 2495 0000.
1224 2430 1291 2494 hac

218 2535 341 2600 nostris
365 2543 435 2602 erat
456 2544 623 2622 receptus
653 2539 742 2622 quod
766 2560 804 2602 eo
828 2537 958 2603 incitati
986 2537 1095 2601 studio
1118 2537 1291 2601 inconsul-

217 2642 284 2706 tius
311 2652 562 2725 processcrant3
589 2644 653 2708 1100
675 2645 891 2728 pugnabatur
913 2645 987 2709 loco
1018 2651 1051 2710 et
1073 2649 1205 2727 propter
1228 2666 1291 2708 an-

217 2750 347 2834 gustias
370 2751 484 2836 iniquo
508 2758 541 2817 et
571 2753 661 2836 quod
680 2754 742 2816 sub
765 2749 848 2835 ipsis
872 2751 1041 2817 radicibus
1064 2751 1187 2815 montis
1210 2773 1289 2815 con-

217 2858 379 2931 stiterant,
407 2866 445 2923 ut
477 2857 606 2922 nullum
640 2859 766 2922 frustra
797 2858 901 2923 telum
938 2858 973 2922 in
1003 2879 1060 2923 eos
1089 2857 1288 2930 mitteretur,

217 2973 328 3032 tamen
352 2968 474 3033 virtuto
498 2973 531 3033 et
552 2966 714 3050 patientia
737 2966 930 3032 nitebantur
955 2973 1055 3050 atque
1078 2967 1192 3031 omnia
1215 2968 1290 3030 vul-

177 3089 193 3129 ’1
217 3095 297 3138 nera
319 3073 539 3138 sustinebant.
582 3073 794 3156 augebantur
814 3071 880 3136 illis
908 3072 1025 3156 copiae
1049 3079 1148 3157 atque
1171 3095 1212 3137 ex
1231 3094 1290 3138 oa-

218 3180 295 3244 stris
329 3180 482 3245 cohortes
506 3200 565 3263 per
593 3180 752 3264 oppidum
782 3181 899 3245 crebro
931 3179 1222 3259 submittebantur,
1253 3188 1290 3245 ut

180 3287 337 3372 aintegri
360 3280 501 3352 defessis
532 3288 757 3352 succederent.
805 3287 871 3350 1100
904 3287 991 3352 idem
1021 3287 1147 3352 Caesar
1178 3289 1289 3353 facere

219 3396 410 3480 cogebatur,
434 3399 472 3458 ut
499 3394 673 3458 submissis
708 3394 743 3458 111
777 3397 922 3459 eundem
952 3394 1063 3460 locum
1096 3395 1289 3461 cohortibus

218 3504 366 3568 defessos
389 3502 560 3586 reciperet.

181 3624 191 3664 1
305 3607 426 3670 XLVI.
450 3607 523 3671 1100
546 3627 622 3670 cum
639 3611 727 3671 esset
749 3609 847 3671 modo
871 3613 1059 3691 pugnatum
1082 3608 1290 3672 continenter

216 3712 309 3777 horis
331 3713 487 3798 quinque,
513 3713 683 3798 nostrique
706 3714 846 3797 gravius
870 3736 891 3778 a
921 3714 1133 3779 multitudine
1156 3736 1288 3798 preme-

215 3826 340 3900 rentur,
364 3819 570 3905 consumptis
604 3819 758 3885 omnibus
790 3821 864 3886 telis
888 3821 1011 3905 gladiis
1035 3821 1200 3887 destrictis
1224 3822 1289 3886 im·
