2768 4200
350 217 470 274 COMM.
490 217 513 272 Ι.
534 215 618 272 CAP.
638 212 966 269 LXXXI-LXXXIX.
1155 217 1190 271 45

209 386 400 454 LXXXIII.
417 383 517 449 Acies
534 387 606 447 erat
621 380 807 446 Afraniana
826 380 949 464 duplex
964 380 1135 466 legionum
1152 383 1192 463 V,
1214 404 1225 444 1

118 495 254 562 tertium
277 495 310 558 in
342 491 501 558 subsidiis
524 490 635 554 locum
659 487 783 552 alariae
807 488 959 552 cohortes
983 489 1192 569 obtinebant3

120 601 275 668 Caesaris
295 599 430 682 triplex3
455 598 515 662 sed
537 596 680 680 primam
704 595 810 659 aciem
834 601 1016 679 quaternae
1040 597 1227 663 cohortesc

119 732 161 774 ex
177 710 208 774 V
222 707 412 792 legionibus
428 706 595 783 tenebant,
618 702 681 768 has
701 701 922 767 subsidiariae
937 709 1052 769 ternae
1068 710 1099 768 et
1117 725 1193 768 rur-

120 839 180 882 sus
204 815 290 879 aliae
312 813 451 878 totidem
475 831 556 875 suae
584 809 745 893 cuiusque
774 807 915 893 legionis
941 809 1193 894 subsequeban-
1224 891 1227 908 ζ

120 930 191 1001 tur;
216 919 381 1005 sagittarii
412 918 665 1001 funditoresque
693 915 803 980 media
835 915 1090 981 continebantur
1113 916 1194 997 acie,

122 1029 291 1111 equitatus
322 1027 427 1091 latera
460 1025 627 1109 cingebat.
685 1022 743 1087 tali
778 1022 944 1088 instructa
978 1023 1050 1088 acie
1082 1029 1229 1088 teneres

122 1141 261 1218 uterque
299 1131 507 1217 propositum
544 1131 735 1195 ridebatur:
771 1130 918 1210 Caesar,
955 1130 1021 1195 nisi
1060 1138 1195 1197 coactus

123 1241 289 1325 proelium
311 1261 352 1303 ne
372 1239 612 1316 committeret3
635 1237 702 1317 ille,
726 1242 763 1302 ut
787 1257 888 1320 opera
907 1236 1063 1302 Caesaris
1087 1239 1194 1321 impe-

124 1348 218 1414 diret.
265 1346 461 1431 producitur
483 1353 595 1411 tamen
619 1365 682 1425 reS,
699 1344 854 1429 aciesque
871 1347 914 1410 ad
934 1345 1014 1411 solis
1038 1367 1194 1411 occasum

124 1457 349 1535 continentum
372 1456 451 1521 inde
478 1455 612 1539 utrique
635 1453 668 1520 in
699 1461 808 1520 castra
831 1455 1020 1520 discedunt.
1065 1463 1196 1540 postero
1218 1475 1230 1514 -r

124 1564 177 1628 die
200 1563 402 1628 munitiones
421 1561 592 1627 institutas
616 1561 740 1626 Caesar
755 1569 852 1645 parat
875 1561 1046 1645 perlicere3
1071 1562 1119 1626 illi
1135 1583 1196 1624 va-

123 1669 203 1733 dum
227 1668 374 1733 fluminis
398 1667 520 1733 Sicoris
536 1672 708 1750 temptare,
725 1666 754 1730 si
777 1667 918 1732 transire
938 1674 1083 1750 possent.
1130 1688 1197 1751 qua
1219 1688 1232 1728 5

122 1798 157 1842 re
181 1776 416 1840 animadversa
439 1774 566 1840 Caesar
583 1773 769 1839 Germanos
785 1773 870 1838 levis
889 1781 1078 1838 armaturae
1102 1773 1197 1857 equi·

125 1889 265 1965 tumque
284 1888 413 1965 partem
437 1881 562 1944 flumen
580 1878 730 1944 transicit
751 1880 953 1963 crebrasque
975 1880 1009 1943 in
1033 1880 1114 1964 ripis
1137 1902 1196 1944 cu-

124 1987 251 2053 stodias
270 1985 427 2071 disponit.

214 2093 402 2158 LXXXIV.
423 2091 574 2155 Tandem
590 2090 745 2155 omnibus
761 2092 862 2155 rebus
878 2092 1016 2171 obsessi,
1040 2098 1195 2177 quartum
1223 2115 1230 2154 1

125 2200 193 2265 iam
218 2200 307 2264 diem
332 2198 403 2264 sine
426 2198 549 2281 pabulo
579 2198 715 2263 retentis
748 2198 917 2278 iumentis,
948 2221 1065 2284 aquae,
1090 2201 1197 2285 ligno-

125 2329 213 2385 rum,
237 2306 395 2372 srumenti
429 2305 541 2390 inopia
575 2305 778 2391 colloquium
801 2312 918 2391 petunt
941 2314 974 2373 et
996 2307 1041 2389 id,
1076 2308 1105 2372 si
1128 2308 1198 2373 lieri

124 2413 241 2498 possit,
264 2418 389 2478 semoto
406 2433 427 2476 a
450 2411 609 2478 militibus
623 2413 707 2478 loco,
752 2413 810 2478 ubi
824 2413 860 2479 id
882 2436 902 2479 a
926 2415 1071 2481 Caesare
1093 2437 1197 2501 nega·
1220 2448 1233 2487 ·.›

123 2529 196 2586 tum
220 2528 262 2602 et,
287 2521 399 2605 palam
422 2520 450 2586 si
475 2521 617 2605 colloqui
640 2522 773 2603 vellent,
797 2544 992 2589 concessum
1016 2531 1076 2606 est,
1100 2527 1198 2591 datur

124 2629 251 2694 obsidis
281 2630 353 2694 loco
378 2629 517 2694 Caesari
540 2629 628 2694 filius
652 2630 792 2701 Afranii.
839 2632 973 2697 venitur
995 2633 1029 2697 in
1053 2655 1128 2697 eum
1151 2633 1197 2696 lo-

124 2758 213 2817 cum,
238 2759 338 2821 quem
363 2737 489 2802 Caesar
512 2737 643 2821 delegit.
692 2737 849 2804 audiente
884 2744 1026 2822 utroque
1050 2739 1234 2808 exercituo

124 2843 271 2927 loquitur
293 2843 474 2922 Afranius3
497 2865 564 2907 non
584 2865 657 2909 esse
682 2850 740 2908 aut
763 2843 844 2927 ipsis
864 2850 921 2908 aut
936 2843 1096 2909 militibus
1120 2865 1198 2908 suc-

126 2951 341 3030 censendum,
358 2951 447 3034 quod
462 2950 561 3015 fidem
577 2971 657 3034 erga
669 2950 904 3033 imperatorem
916 2971 1014 3014 suum
1026 2950 1087 3015 Cn.
1101 2950 1197 3015 Pom-

126 3053 237 3136 peium
256 3075 454 3119 conservare
469 3055 643 3120 voluerint.
684 3057 744 3119 sed
760 3055 842 3120 satis
864 3055 933 3120 iam
952 3056 1071 3121 fecisse
1091 3057 1198 3121 officio
1222 3090 1234 3130 4

126 3160 274 3245 satisque
293 3160 449 3245 supplicii
464 3162 587 3226 tulisse.
630 3183 806 3246 perpessos
824 3162 973 3227 omnium
996 3185 1107 3229 rerum
1125 3165 1199 3228 inc-

127 3266 234 3350 piam3
259 3288 348 3331 nunc
372 3289 451 3332 vero
480 3289 585 3352 paene
608 3275 645 3333 ut
673 3269 762 3333 feras
787 3269 1061 3335 circummunitos
1084 3272 1198 3355 prohi-

126 3373 197 3438 beri
226 3394 323 3460 aqua,
356 3374 526 3458 prohiberi
553 3374 717 3460 ingressu,
748 3398 856 3462 neque
886 3398 1022 3461 corpore
1053 3378 1198 3442 dolorem

126 3501 235 3565 neque
257 3479 369 3544 animo
393 3480 615 3564 ignominiam
638 3481 726 3547 ferre
745 3503 853 3566 posse.
900 3481 1012 3566 itaque
1035 3503 1071 3547 se
1091 3481 1198 3547 victos

126 3587 294 3668 confiteri3
318 3608 412 3652 orare
436 3592 535 3672 atque
559 3590 744 3669 obsecrare,
768 3589 872 3675 siqui
895 3589 988 3654 locus
1011 3589 1199 3655 misericor·
1222 3623 1234 3661 ς,

125 3694 201 3758 diae
219 3694 437 3779 relinquatur,
452 3716 494 3759 ne
510 3697 552 3760 ad
569 3697 721 3761 ultimum
742 3697 943 3781 supplicium
957 3698 1114 3783 progredi
1137 3719 1198 3763 ne-

127 3820 219 3864 cesse
237 3801 370 3872 habeat.
417 3800 502 3865 haec
519 3823 619 3885 quarn
639 3807 747 3886 potest
759 3801 998 3868 demississime
1015 3808 1048 3869 et
1065 3803 1205 3867 subiec-

127 3905 257 3973 tissime
281 3907 424 3992 exponit.
