2768 4200
165 198 200 252 22
529 200 582 255 DE
601 201 726 257 BELLO
749 202 869 256 tIll‘lLI

166 363 223 448 qui
247 385 285 428 eo
308 369 457 448 ternpore
476 366 518 429 ab
543 366 579 433 L.
599 367 736 431 Afranio
751 367 861 452 legato
879 369 1054 453 praesidiis
1079 370 1239 434 teneban-

128 489 142 530 ‘2
165 477 229 535 tur.
268 471 414 556 reliquas
429 473 589 556 legiones
606 495 691 558 quae
707 475 839 558 longius
855 476 1059 557 hiemabant,
1077 476 1239 561 subsequi

165 581 267 646 iubet.
315 580 457 661 Fabius,
488 587 524 646 ut
554 587 625 645 erat
647 581 864 665 imperatum,
889 583 1040 648 adhibita
1069 583 1239 649 celeritate

166 690 369 774 praesidium
404 713 446 755 ex
477 691 566 756 saltu
600 691 719 756 deiecit
756 693 954 778 magnisque
987 693 1161 758 itineribus
1195 696 1240 758 ad

166 797 348 864 exercitum
372 799 503 863 Afranii
526 799 705 864 contendit.

129 941 137 981 1
253 906 447 971 XXXVIII.
471 908 630 973 Adventu
654 908 690 978 L.
712 907 848 972 Vibullii
871 908 954 987 Rufi,
979 929 1115 992 querna
1135 908 1239 974 Pom-

165 1013 240 1097 peio
265 1013 404 1078 missum
428 1014 462 1078 in
484 1013 684 1097 Hispaniam
705 1017 967 1080 demonstratum
992 1023 1051 1096 est,
1076 1015 1238 1080 Afranius

165 1126 199 1184 et
214 1120 364 1184 Petreius
381 1127 413 1185 et
428 1121 546 1200 Varro,
561 1121 663 1204 legati
686 1122 836 1207 Pompei,
853 1144 994 1208 quorum
1011 1145 1097 1188 unus
1116 1123 1238 1207 Hispa-

165 1228 257 1292 niam
288 1228 475 1293 citeriorem
503 1229 610 1293 tribus
644 1229 847 1314 legionibus,
880 1232 963 1297 alter
1001 1232 1189 1295 ulteriorem
1217 1253 1239 1295 a

166 1335 253 1399 saltu
276 1334 511 1400 Castulonensi
540 1337 583 1398 ad
607 1337 717 1402 Anam
743 1338 873 1402 duabus
900 1338 1097 1422 legionibus
1120 1338 1238 1402 tertius

166 1444 208 1506 ab
232 1443 308 1506 Ana
331 1441 512 1507 Vettonum
545 1463 665 1527 agrum
698 1444 973 1527 Lusitaniamque
1005 1443 1076 1527 pari
1099 1466 1238 1508 numero

128 1582 141 1622 ρ
164 1549 335 1633 legionum
359 1550 539 1630 obtinebat,
564 1552 673 1616 officia
704 1553 791 1617 inter
814 1573 850 1615 se
873 1551 1073 1635 partiuntur,
1101 1551 1149 1615 uti
1172 1551 1238 1615 Pe-

166 1656 268 1721 treius
293 1679 334 1722 ex
350 1657 523 1722 Lusitania
540 1680 600 1742 per
619 1661 778 1724 Vettones
795 1680 872 1723 oum
891 1658 1046 1722 omnibus
1070 1658 1174 1741 copiis
1194 1660 1238 1721 ad

166 1763 344 1829 Afranium
377 1765 614 1848 proficiscatur,
639 1768 745 1831 Varro
780 1788 856 1832 oum
886 1766 939 1845 iis,
970 1787 1054 1849 quas
1077 1765 1235 1835 habebat,

128 1871 353 1954 glegionibus
382 1894 511 1938 omnem
541 1873 731 1938 ulteriorem
763 1873 960 1959 Hispaniam
991 1878 1130 1942 tueatur.
1182 1870 1236 1935 his

164 1979 264 2043 rebus
287 1980 476 2045 constitutis
493 1979 620 2064 equites
643 1980 831 2066 auxiliaque
847 1981 907 2045 toti
926 1979 1118 2046 Lusitaniae
1139 1999 1160 2042 a
1174 1977 1236 2042 Pe-

165 2086 257 2165 treio,
291 2086 505 2167 Celtiberiae,
533 2087 711 2154 Cantabris
733 2089 953 2175 barbarisque
982 2086 1148 2165 omnibus
1178 2084 1236 2170 qui

128 2227 141 2266 4
166 2196 209 2259 ad
228 2194 402 2261 Oceanum
421 2196 597 2278 pertinent,
622 2199 664 2262 ab
688 2197 827 2263 Afranio
850 2197 1066 2282 imperantur.
1114 2192 1237 2278 quibus

165 2302 290 2367 coactis
334 2303 483 2367 celeriter
514 2304 665 2368 Petreius
698 2327 758 2389 per
791 2306 949 2370 Vettones
985 2305 1028 2368 ad
1056 2300 1237 2366 Afranium

165 2408 337 2490 pervenit,
370 2409 641 2492 constituuntque
679 2410 848 2474 communi
882 2410 1020 2474 consilio
1043 2408 1168 2472 bellum
1192 2405 1237 2468 ad

165 2515 309 2578 Ilerdam
332 2521 467 2598 propter
490 2514 595 2598 ipsius
619 2516 683 2579 loci
714 2519 995 2602 opportunitatem
1019 2536 1145 2599 gerere.

130 2654 139 2693 1
253 2622 415 2687 XXXIX.
440 2625 553 2702 Erant,
577 2628 613 2687 ut
637 2645 738 2706 supra
762 2627 1025 2690 demonstratum
1048 2629 1107 2703 est,
1130 2623 1238 2706 legio-

164 2752 223 2796 nes
242 2731 374 2796 Afranii
397 2737 474 2810 trae,
497 2729 610 2794 Petrei
626 2731 722 2810 duae,
741 2737 913 2814 praeterea
936 2736 1086 2796 scutatae
1105 2729 1237 2795 citerio-

165 2839 210 2903 ris
233 2838 426 2921 provinciae
453 2844 485 2902 ct
512 2842 680 2902 caetratae
713 2835 878 2901 ulterioris
904 2837 1088 2922 Hispaniae
1116 2837 1237 2901 cohor-

165 2952 215 3010 tes
252 2945 381 3010 circiter
415 2944 544 3010 LXXX
583 2944 797 3029 equitumque
835 2943 1008 3029 utriusque
1043 2944 1239 3027 provinciae

128 3084 142 3125 ρ
166 3053 296 3119 circiter
318 3055 349 3117 V
372 3053 474 3117 milia.
521 3053 646 3118 Caesar
679 3052 827 3137 legiones
855 3051 890 3115 in
913 3052 1110 3135 Hispaniam
1138 3072 1238 3136 prae-

165 3163 303 3228 miserat
326 3162 384 3241 VI,
409 3162 534 3227 auxilia
557 3163 704 3246 peditum
729 3163 760 3225 V
783 3162 885 3241 milia,
905 3161 1056 3247 equitum
1079 3161 1130 3225 ΙΙΙ
1146 3160 1239 3225 milia

165 3292 252 3357 quae
276 3272 429 3336 omnibus
452 3272 679 3355 superioribus
702 3271 798 3337 bellis
821 3271 985 3336 habuerat
1003 3277 1036 3335 et
1058 3290 1173 3354 parem
1197 3291 1239 3334 ex

166 3378 276 3444 Gallia
294 3399 470 3442 numerum
489 3398 589 3461 quem
605 3377 677 3462 ipse
695 3383 873 3462 paraverat
890 3376 1086 3440 nominatim
1106 3398 1146 3440 ex
1166 3395 1240 3439 om-

166 3486 267 3552 nibus
291 3487 482 3553 civitatibus
510 3485 717 3551 nobilissimo
741 3504 872 3569 quoque
896 3488 1045 3552 evocato.
1092 3483 1161 3546 huc
1177 3502 1239 3565 op-

166 3595 240 3659 timi
261 3594 392 3678 generis
421 3593 597 3658 hominurn
629 3615 670 3658 ex
700 3592 877 3676 Aquitanis
912 3590 1157 3675 montanisque,
1181 3586 1240 3673 qui

130 3727 143 3769 s
168 3700 543 3785 Galliam-provinciam
567 3700 744 3783 attingunt,
764 3698 930 3763 adiecerat
944 3747 1062 3762 ......
1087 3697 1240 3763 audierat
1271 3743 1273 3747 ψ

169 3810 366 3893 Pompeium
400 3828 459 3891 per
487 3805 735 3871 Mauretaniam
772 3824 849 3868 cum
885 3802 1073 3887 legionibus
1107 3802 1170 3868 iter
1203 3803 1239 3867 in

35 3920 53 3951 Ι.
