2768 4200
171 202 204 256 ld
531 202 582 256 DE
603 203 727 260 BELLO
749 203 869 258 Cll'llil

167 363 333 440 stimarct3
358 383 398 427 ac
421 362 554 427 tametsi
584 384 786 447 magnopere
819 365 1045 430 admirabatur
1068 367 1234 450 Magium.

168 492 266 554 quem
292 473 335 535 ad
358 470 553 555 Pompeium
584 493 661 536 curn
685 473 851 536 mandatis
875 472 1018 551 miserat,
1043 473 1085 535 ad
1109 494 1145 536 se
1168 495 1233 537 non

167 577 299 656 remitti,
323 582 423 661 atque
447 598 561 642 cares
585 598 686 662 saepe
713 584 875 661 temptata
904 577 967 642 etsi
990 577 1132 661 impetus
1163 579 1235 642 eius

168 683 370 768 consiliaque
387 685 550 764 tardabat,
569 691 680 749 tamen
703 685 858 775 omnibus
882 686 980 748 rebus
1003 685 1038 749 in
1061 707 1100 749 eo
1123 707 1235 769 perse-

129 810 144 847 :r
167 794 352 856 veraedum
375 795 524 876 putabat.
558 791 670 876 itaque
694 792 873 856 Caninium
904 793 1055 857 Rebilum
1076 793 1235 877 legatum,

167 897 363 963 familiarem
388 899 679 984 necessariumque
702 899 867 964 Scribonii
891 899 1038 980 Libonis,
1062 901 1162 967 mittit
1192 904 1235 966 ad

167 1027 244 1069 eum
261 1005 417 1089 colloquii.
433 1026 544 1070 causa.
562 1007 710 1087 mandat,
729 1012 766 1070 ut
781 1007 942 1071 Libonem
957 1009 998 1072 de
1022 1008 1233 1073 concilianda

167 1136 249 1198 pace
272 1115 437 1193 lrortetur3
460 1115 633 1200 imprimiS,
657 1122 694 1182 ut
713 1117 783 1200 ipse
800 1139 878 1182 eum
893 1119 1052 1203 Pompeio
1068 1104 1234 1205 colloque-

129 1239 144 1278 4
167 1229 266 1301 retur,
290 1223 447 1305 postulat3
471 1244 673 1307 magnopere
697 1246 770 1289 sese
786 1226 949 1290 confidere
972 1227 1185 1305 demonstrat,
1206 1228 1233 1291 si

168 1330 240 1394 eius
263 1329 310 1392 rei
335 1330 378 1394 sit
396 1335 542 1413 potestas
565 1331 665 1410 facta,
692 1331 772 1411 fore,
792 1339 829 1398 ut
849 1331 964 1416 aequis
984 1333 1235 1398 condicionibus

167 1439 210 1501 ab
234 1436 336 1502 armis
355 1437 554 1508 discedatur,
602 1438 697 1503 cuius
721 1440 769 1504 rei
792 1461 951 1524 magnam
974 1446 1102 1524 partem
1124 1442 1234 1506 landis

167 1551 267 1629 atque
300 1543 555 1612 existimationis
586 1547 630 1610 ad
661 1547 824 1611 Libonem
852 1555 1098 1630 perventuram,
1127 1548 1155 1612 si
1179 1548 1234 1612 illo

127 1657 302 1717 sauctore
326 1657 424 1735 atque
456 1659 574 1735 agente
605 1655 647 1718 ab
674 1654 776 1718 armis
800 1654 842 1719 sit
866 1654 1059 1718 discessum.
1107 1656 1190 1720 Libo
1214 1679 1235 1721 a

167 1758 330 1843 colloquio
354 1758 485 1823 Caninii
515 1759 684 1844 digressus
704 1761 754 1822 ,ad
778 1759 975 1843 Pompeium
1004 1761 1233 1844 proficiscitur.

166 1866 265 1951 paulo
288 1873 363 1950 post
385 1866 562 1939 renuntiat,
581 1867 671 1950 quod
689 1867 840 1930 consules
859 1866 980 1947 absint,
996 1867 1068 1932 sine
1086 1869 1152 1933 illis
1168 1891 1233 1933 non

128 1991 144 2029 o
165 1994 261 2059 posse
274 1974 329 2058 agi
342 1975 383 2038 de
399 1973 644 2056 compositione,
692 1973 738 2038 ita
755 1973 888 2058 saepius
904 1995 975 2038 rem
987 1976 1111 2040 frustra
1124 1981 1233 2060 temp-

166 2087 270 2145 tatam
294 2079 419 2145 Caesar
448 2078 626 2163 aliquando
647 2077 877 2144 dimittendam
902 2078 965 2144 sibi
990 2079 1115 2146 iudicat
1138 2088 1169 2147 et
1193 2084 1234 2147 de

166 2187 251 2252 bello
271 2187 449 2269 agendum.
679 2264 683 2270 .

132 2308 141 2347 1
210 2294 352 2364 XXVII.
377 2293 484 2377 Prope
508 2292 647 2358 dimidia
664 2300 757 2378 parte
780 2294 889 2377 operis
912 2315 932 2358 a
955 2294 1099 2361 Caesare
1117 2299 1235 2361 effecta

166 2401 349 2486 diebusque
364 2401 398 2465 in
418 2423 457 2466 ea
475 2423 510 2466 re
529 2400 736 2484 consumptis
753 2402 861 2482 VIIII,
881 2423 987 2467 naves
1006 2425 1027 2468 a
1042 2403 1234 2468 consulibus

166 2508 352 2595 Dyrrachio
374 2510 545 2589 remissae,
575 2530 660 2593 quae
682 2509 826 2594 priorem
853 2516 983 2594 partem
1007 2509 1171 2574 exercitus
1196 2531 1234 2573 eo

127 2618 430 2700 reportaverant,
455 2615 669 2680 Brundisium
693 2622 914 2681 revertuntur.
961 2616 1140 2700 Pompeius
1164 2616 1235 2680 sive

165 2723 320 2808 operibus
353 2722 507 2788 Caesaris
530 2729 700 2807 permotus
730 2723 800 2787 sive
823 2722 933 2803 etiam,
958 2723 1046 2806 quod
1076 2725 1118 2787 ab
1142 2722 1235 2788 initio

165 2833 263 2897 Italia
286 2834 444 2897 excedere
467 2830 692 2910 constituerat,
716 2832 863 2896 adventu
891 2831 1028 2895 navium
1056 2831 1235 2916 profectio-

128 2961 144 3000 :r
166 2962 242 3004 nem
266 2961 384 3025 parare
408 2938 539 3023 incipit,
568 2945 600 3004 et
627 2958 692 3022 quo
725 2937 857 3001 facilius
889 2938 1052 3022 impetum
1080 2938 1235 3003 Caesaris

166 3050 322 3127 tardaret,
346 3070 388 3112 ne
411 3049 474 3112 sub
498 3047 571 3129 ipsa
590 3044 793 3129 profectione
811 3045 933 3111 milites
953 3048 990 3110 in
1010 3047 1169 3131 oppidum
1187 3047 1234 3111 ir-

166 3163 365 3244 rumperent,
391 3162 503 3241 portas
527 3154 679 3234 obstruit,
702 3153 797 3220 vicos
819 3155 1013 3240 plateasque
1035 3157 1235 3235 inaedificat,

167 3267 274 3330 fossas
297 3271 504 3330 transversas
523 3262 587 3326 viis
602 3262 775 3346 praeducit
793 3269 893 3347 atque
912 3262 958 3327 ibi
977 3265 1076 3328 sudes
1092 3263 1236 3346 stipites-

130 3388 145 3428 4
168 3395 231 3458 que
253 3379 448 3458 praeacutos
471 3370 594 3455 defigit.
641 3369 724 3434 haec
759 3369 889 3435 levibus
915 3369 1060 3436 cratibus
1084 3377 1237 3453 terraque

166 3480 334 3564 inaequat.
371 3479 480 3545 aditus
508 3485 617 3542 autem
649 3482 749 3561 atque
780 3476 898 3542 itinera
930 3478 1007 3557 duo,
1032 3497 1115 3560 quae
1146 3481 1237 3539 extra

167 3607 298 3650 murum
324 3587 367 3650 ad
399 3591 530 3669 portum
562 3584 724 3664 ferebant,
754 3584 908 3649 maximis
945 3583 1063 3650 defixis
1087 3583 1237 3648 trabibus

129 3711 145 3748 ι’»
168 3699 267 3777 atque
290 3693 337 3758 iis
355 3692 541 3776 praeacutis
564 3691 761 3777 praesaepit.
808 3692 860 3757 his
879 3692 1004 3777 paratis
1026 3693 1126 3756 rebus
1150 3690 1237 3756 mili-

168 3807 220 3864 tes
239 3799 369 3866 silentio
393 3820 498 3864 naves
521 3801 741 3865 conscendere
760 3799 861 3881 iubet,
878 3799 1048 3885 expeditos
1070 3804 1180 3864 autem
1197 3821 1237 3863 ex
