2768 4200
221 226 256 280 so
583 223 634 282 DE
654 229 779 284 BELLO
800 222 922 284 CIVILI

222 391 278 455 ubi
302 390 426 457 Cacsar
449 393 613 458 intellexit
642 394 828 477 praesentis
861 393 999 477 periculi
1027 400 1127 478 atque
1158 393 1292 477 inopiae

222 500 379 565 vitandae
403 522 505 566 causa
538 523 669 565 onmem
693 502 876 566 orationem
900 501 1082 566 instituisse
1105 523 1214 585 neque
1238 501 1292 563 ul-

222 608 287 670 lam
307 628 399 690 spem
436 615 493 672 aut
521 608 751 673 condicionem
782 609 874 692 pacis
904 611 1032 690 afferre,
1056 611 1100 673 ad
1127 607 1292 693 reliquam

221 715 454 798 cogitationem
478 717 557 780 belli
580 737 653 780 sese
676 716 811 799 recepit.

188 845 195 884 ι
310 823 437 887 XVIII.
453 822 592 887 Bibulus
608 824 730 886 multos
746 822 817 886 dies
835 828 923 887 terra
945 822 1133 906 prohibitus
1157 827 1189 885 et
1212 843 1294 906 gra-

221 930 312 994 viore
337 930 451 994 morbo
475 952 516 993 ex
538 929 660 1013 frigore
684 951 723 994 ac
746 930 860 994 labore
884 930 1066 1014 implicitus
1085 952 1162 995 oum
1184 952 1295 1014 neque

222 1037 332 1101 curari
355 1043 469 1120 posset
491 1058 599 1121 neque
623 1044 815 1121 susceptum
839 1038 983 1103 officium
1007 1040 1159 1103 deserere
1182 1038 1295 1101 vellet.

187 1165 200 1204 -ι
222 1145 291 1208 vim
308 1144 415 1208 morbi
429 1145 593 1209 sustinere
613 1166 678 1208 non
698 1145 814 1227 potuit.
861 1166 899 1209 eo
918 1149 1048 1208 mortuo
1064 1147 1107 1209 ad
1126 1144 1296 1209 neminem

223 1271 326 1313 unum
350 1270 482 1313 summa
497 1249 627 1333 imperii
649 1251 745 1330 redit,
761 1252 821 1314 sed
836 1249 1016 1332 separatim
1033 1270 1129 1314 suam
1153 1250 1297 1333 quisque

186 1376 200 1416 a
223 1359 364 1421 classem
381 1358 424 1420 ad
441 1357 612 1421 arbitrium
629 1379 725 1421 suum
746 1357 1010 1421 administrabat.
1057 1357 1223 1421 Vibullius
1243 1379 1298 1421 se-

123 1538 127 1547 .
224 1467 301 1529 dato
325 1464 479 1544 tumultu,
503 1485 602 1548 quem
627 1464 818 1548 repentinus
841 1466 1006 1530 adventus
1037 1463 1192 1528 Caesaris
1216 1485 1299 1528 con-

223 1572 395 1652 citaverat,
419 1571 476 1635 ubi
500 1572 647 1656 primum
671 1594 689 1635 e
713 1571 881 1636 revisum
906 1577 966 1650 est,
996 1571 1145 1635 adhibito
1172 1570 1300 1634 Libone

186 1729 189 1739 .
224 1687 256 1744 et
279 1681 316 1744 L.
340 1674 483 1744 Lucceio
517 1686 551 1743 et
580 1679 795 1762 Theophane,
820 1677 1021 1761 quibuscum
1052 1677 1300 1771 communicare

225 1790 266 1851 de
289 1787 444 1851 maximis
467 1789 568 1851 rebus
598 1786 778 1871 Pompeius
811 1791 1040 1854 consueverat,
1064 1787 1106 1849 de
1130 1785 1279 1848 mandat
1257 1790 1300 1848 rts

227 1895 380 1959 Ca·esaris
404 1916 504 1979 agere
526 1895 618 1959 instit
594 1893 694 1959 ituit.
725 1915 824 1978 quem
847 1892 1034 1976 ingressum
1054 1891 1089 1954 in
1112 1912 1299 1956 sermonem

190 2001 436 2084 rPompeius
427 2024 460 2065 m
463 1999 691 2084 terpellavite
674 2000 819 2083 etloqui
842 1999 940 2081 plura
971 1997 1151 2081 prohibuit.
1199 1997 1301 2081 ‘quid

139 2191 141 2196 .
227 2110 330 2188 mihi,’
353 2110 469 2192 inquit,
493 2117 567 2174 ‘aut
590 2109 660 2172 vita
684 2114 742 2173 aut
765 2107 900 2172 civitate
923 2128 1007 2190 opus
1031 2112 1091 2186 est,
1115 2128 1215 2191 quam
1238 2109 1300 2172 be-

226 2218 341 2282 neficio
366 2217 519 2282 Caesaris
543 2218 668 2281 habore
704 2216 866 2281 videbor?
897 2216 993 2280 cuius
1024 2216 1072 2280 rei
1096 2215 1206 2298 opinio
1230 2213 1301 2278 tolli

226 2346 291 2388 non
315 2324 445 2407 poterit,
464 2345 541 2386 cum
564 2324 599 2386 in
622 2322 765 2402 Italiam,
790 2346 831 2386 ex
856 2344 923 2407 qua
944 2324 1114 2406 profectus
1137 2344 1223 2401 sum,
1247 2343 1301 2386 re-

191 2443 203 2480 ='›
227 2434 347 2495 ductus
371 2430 606 2494 existimabor!
652 2431 740 2494 bello
765 2432 912 2513 perfecto
937 2432 980 2495 ab
1004 2431 1045 2495 iis
1068 2430 1194 2495 Cacsar
1216 2430 1303 2494 haec

227 2541 316 2603 lacta
335 2536 500 2621 cognovit,
522 2536 578 2620 qui
595 2537 738 2600 sermoni
757 2537 988 2601 interfuerunt.
1031 2543 1170 2602 conatus
1188 2542 1302 2600 tamen

228 2647 331 2710 nihilo
355 2645 467 2709 minus
491 2651 540 2709 est
569 2645 643 2710 aliis
673 2645 858 2710 rationibus
882 2665 941 2728 per
965 2644 1130 2728 colloquia
1153 2646 1194 2708 de
1217 2665 1303 2727 pace

228 2777 335 2839 agere.

193 2870 202 2909 ¹
316 2862 408 2930 XIX.
446 2862 536 2926 Inter
569 2861 650 2925 bina
678 2867 797 2939 castra,
833 2858 974 2942 Pompei
1004 2863 1103 2940 atque
1136 2857 1304 2937 Caesaris,

227 2993 328 3034 unum
353 2971 475 3034 tlumen
502 2965 656 3059 [tantum]
681 2968 839 3033 intererat
862 2966 987 3048 ApsuS,
1011 2965 1195 3047 crebraque
1217 2964 1305 3028 inter

228 3098 263 3140 se
278 3075 441 3158 colloquia
457 3074 577 3139 milites
593 3075 774 3154 habebant,
797 3094 905 3159 neque
921 3071 1027 3135 ullum
1044 3069 1175 3134 interim
1199 3070 1303 3134 telum

192 3190 286 3268 ‘2per
305 3183 475 3267 pactiones
499 3182 706 3266 loquentium
737 3181 1004 3246 transiciebatur.
1052 3177 1152 3242 mittit
1174 3177 1212 3241 P.
1236 3177 1305 3242 Va-

228 3293 344 3357 tinium
369 3291 517 3374 legatum
542 3293 586 3354 ad
609 3291 717 3374 ripam
741 3291 850 3374 ipsam
873 3288 1031 3367 fluminis,
1057 3286 1114 3370 qui
1137 3307 1186 3366 ea,
1218 3307 1306 3370 quae

229 3400 372 3463 maxime
396 3401 439 3462 ad
463 3419 581 3481 paoem
606 3404 678 3481 pert
679 3398 771 3461 inere
795 3397 949 3461 viderent
936 3403 1000 3470 t,ur
1025 3399 1191 3478 ageret,e
1174 3399 1303 3458 et-ore

229 3507 288 3568 bro
312 3524 437 3588 magna
461 3504 543 3567 vboe
566 3501 937 3587 pronuntiaret,tlice1et
925 3510 980 3567 tne
998 3501 1129 3565 civibus
1153 3499 1241 3564 ad
1213 3521 1305 3563 cives

231 3616 273 3677 ‹le
296 3618 439 3695 pacetu
419 3616 474 3674 uto
442 3609 801 3694 leoaosmiuere,
836 3609 1054 3693 quodetiam
1084 3605 1236 3690 fugitiuis
1262 3607 1306 3669 ab

231 3721 318 3785 saltu
342 3717 516 3805 Pyrenaeo
533 3717 823 3802 praedonibusque
837 3715 996 3794 licuisset,
1012 3711 1210 3797 praesertim
1228 3732 1307 3775 cum

230 3828 264 3890 id
288 3833 436 3909 agerent,
471 3849 514 3890 ne
546 3825 638 3889 cives
671 3846 749 3888 cum
783 3823 915 3887 civibus
945 3821 1046 3885 armis
1073 3818 1308 3883 decertarent?
