2768 4200
393 221 512 277 COMM.
533 221 569 274 ll.
593 221 675 276 CAP.
697 219 887 274 XX-XXII.
1142 216 1177 272 61

101 386 328 450 Tarraconem
350 383 466 468 paucis
491 381 610 447 diebus
628 381 792 465 pervenit.
838 379 886 445 ibi
910 380 1011 445 totius
1034 381 1104 445 sere
1127 381 1177 445 ci-

103 493 233 558 terioris
249 489 441 574 provinciae
456 488 641 573 legationes
665 488 819 553 Caesaris
837 490 1018 554 adventum
1039 509 1178 572 exspec-

104 600 230 663 tabant.
281 599 399 662 eadem
424 595 552 660 ratione
575 594 734 678 privatim
757 617 797 660 ac
821 595 954 679 publice
978 595 1176 680 quibusdam
1200 618 1213 657 a

103 705 297 772 civitatibus
320 703 444 768 habitis
479 702 663 767 honoribus
691 703 882 768 Tarracone
911 703 1054 769 discedit
1083 704 1177 788 pedi-

104 813 235 896 busque
259 810 449 875 Narbonem
473 814 574 893 atque
595 809 673 873 inde
705 808 892 875 Massiliam
924 809 1086 894 pervenit.
1132 810 1178 875 ibi

104 916 214 1000 legem
238 916 279 980 de
304 914 465 979 dictatore
488 913 593 978 latam
617 934 755 999 seseque
784 914 980 980 dictatorem
1007 914 1134 980 dictum
1158 936 1179 978 a

105 1023 151 1088 M.
176 1022 302 1107 Lepido
326 1025 479 1104 praetore
503 1021 685 1105 cognoscit.

195 1129 305 1194 ΧΧΠ.
326 1127 555 1195 Massilienses
579 1128 733 1193 omnibus
757 1128 880 1194 defessi
903 1127 1012 1208 maliS,
1035 1127 1083 1193 rei
1105 1127 1177 1192 sru-
1204 1152 1213 1191 1

105 1237 288 1302 menteriae
312 1237 356 1300 ad
379 1256 546 1299 summam
563 1234 712 1319 inopiam
735 1235 882 1316 addu'cti,
898 1235 951 1301 bis
973 1235 1098 1319 proelio
1116 1255 1178 1300 na-

105 1344 176 1408 vali
197 1342 354 1427 superati,
380 1341 507 1408 crebris
531 1343 761 1427 eruptionibus
784 1343 862 1423 susi,
884 1342 982 1427 gravi
1001 1343 1100 1407 etiam
1119 1365 1178 1427 pe-

103 1453 252 1518 stilentia
274 1450 455 1517 conflictati
482 1474 523 1515 ex
544 1451 676 1516 diutina
701 1451 912 1517 conclusione
936 1457 968 1516 et
997 1450 1179 1515 mutatione

105 1560 216 1626 victus
235 1560 371 1646 (panico
391 1559 480 1623 enim
496 1564 609 1624 vetere
621 1564 722 1643 atque
737 1559 862 1622 hordeo
886 1562 1041 1641 corrupto
1065 1578 1179 1621 omnes

104 1669 291 1748 alebantur,
316 1669 405 1752 quod
421 1668 464 1731 ad
479 1666 672 1731 huiusmodi
696 1688 795 1731 casus
819 1665 1002 1750 antiquitus
1025 1671 1178 1750 paratum

104 1775 140 1839 in
159 1775 332 1859 publicum
352 1774 586 1861 contulerant),
602 1773 732 1840 deiecta
753 1773 848 1852 turri,
866 1773 1033 1838 labefacta
1054 1793 1179 1857 magna

106 1888 202 1964 parte
225 1880 323 1960 muri,
346 1879 478 1945 auxiliis
500 1879 751 1964 provinciarum
775 1886 809 1946 et
832 1879 1037 1945 exercituum
1060 1881 1179 1964 despe-

108 1987 202 2066 ratiS,
227 2007 311 2070 quos
328 1986 364 2050 in
387 1986 541 2051 Caesaris
565 1993 762 2070 potestatem
786 1987 918 2052 venisse
942 1992 1178 2070 cognoverant,

103 2111 178 2154 sese
202 2093 323 2155 dedere
345 2091 417 2155 sine
449 2092 566 2155 fraude
596 2091 816 2159 constituunt.
863 2092 923 2155 sed
954 2093 1072 2176 paucis
1103 2099 1215 2166 ante2

104 2197 224 2261 diebus
247 2199 283 2262 L.
310 2197 475 2261 Domitius
495 2197 630 2281 cognita
643 2198 905 2263 Massiliensium
928 2199 1100 2266 voluntate
1118 2221 1179 2264 na-

105 2305 205 2369 vibus
228 2305 279 2368 llI
303 2305 515 2385 comparatis
540 2327 580 2368 ex
604 2304 727 2389 quibus
751 2306 835 2369 duas
864 2305 1086 2371 familiaribus
1109 2307 1179 2372 suis

103 2412 318 2492 attribuerat,
342 2432 445 2475 unam
479 2411 550 2495 ipse
576 2413 827 2491 conscenderat,
859 2417 978 2477 nactus
1009 2413 1178 2479 turbidam

102 2524 337 2603 tempestatem
369 2516 538 2601 profectus
566 2524 625 2583 est.
678 2518 770 2583 hunc
807 2518 1020 2603 conspicatae
1055 2541 1214 2601 naves,3

103 2646 190 2709 quae
211 2625 308 2690 iussu
325 2623 420 2688 Bruti
435 2623 674 2689 consuetudine
690 2625 857 2689 cotidiana
870 2626 914 2689 ad
928 2631 1060 2709 portum
1077 2648 1178 2690 excu-

103 2733 239 2811 babant,
263 2729 404 2795 sublatis
428 2729 560 2794 ancoris
584 2730 681 2814 sequi
704 2736 895 2814 coeperunt.
943 2752 984 2794 ex
1006 2731 1060 2796 his
1074 2752 1177 2795 unum
1203 2767 1215 2806 4

103 2836 212 2919 ipsius
234 2836 408 2920 navigium
431 2836 602 2900 contendit
625 2843 658 2900 et
688 2838 804 2920 fugere
834 2839 1064 2921 perseveravit
1086 2839 1177 2902 auxi-

104 2941 215 3025 lioque
231 2941 437 3024 tempestatis
453 2963 494 3005 ex
511 2949 695 3026 conspectu
710 2943 801 3023 abiit,
822 2946 887 3008 duo
901 2945 1076 3027 perterrita
1100 2967 1176 3010 con·

103 3068 205 3111 cursu
236 3055 424 3111 nostrarum
456 3048 595 3112 navium
631 3070 704 3113 sese
738 3051 771 3113 in
808 3056 941 3134 portum
972 3061 1176 3136 receperunt.

104 3152 331 3218 Massilienses
355 3173 449 3216 arma
471 3158 701 3239 tormentaque
725 3177 766 3220 ex
781 3155 913 3240 oppidu,
938 3164 975 3223 ut
998 3164 1047 3223 est
1070 3159 1176 3242 impe·
1200 3193 1213 3233 5

103 3269 224 3340 ratum,
247 3261 428 3344 proferunt,
451 3283 554 3326 naves
573 3285 615 3327 ex
637 3270 734 3347 portu
757 3264 1002 3351 navalibusque
1021 3268 1176 3346 educunt,

103 3367 282 3452 pecuniam
307 3389 347 3431 ex
373 3367 507 3451 publico
536 3370 683 3439 tradunt.
737 3370 859 3455 quibus
888 3375 987 3438 rebus
1018 3373 1177 3439 consectis
1200 3406 1213 3444 o

102 3475 229 3539 Caesar
262 3473 373 3558 magis
396 3495 452 3538 eos
479 3495 539 3558 pro
567 3477 702 3542 nomine
731 3486 763 3543 et
794 3485 961 3545 vetustate
985 3503 1086 3566 quam
1116 3500 1176 3566 pro

102 3581 229 3646 meritis
253 3581 286 3646 in
305 3603 341 3647 se
360 3581 506 3647 civitatis
523 3604 727 3650 conservans
744 3587 828 3650 duas
845 3586 891 3650 ibi
913 3587 1063 3671 legiones
1079 3609 1176 3673 prae-

100 3689 188 3753 sidio
208 3689 375 3775 relinquit,
400 3696 525 3755 ceteras
540 3690 576 3755 in
601 3692 731 3757 Italiam
756 3693 871 3773 mittit3
896 3694 969 3779 ipse
993 3698 1037 3761 ad
1060 3698 1175 3762 urbem

103 3795 334 3878 proficiscitur.
