2768 4200
252 201 287 255 18
617 205 669 259 ΒΕ
690 205 815 262 BELLO
835 206 956 262 ClVlLl

253 381 331 425 nem
346 360 476 441 omittit,
494 361 529 426 in
541 362 739 447 Hispaniam
757 364 922 448 proficisci
945 367 1126 438 constituit.
1167 370 1327 434 duumvi-

252 468 300 533 ris
315 469 575 554 municipiorum
600 470 749 536 omnium
773 471 926 556 imperat,
943 480 980 539 ut
995 496 1100 539 naves
1125 477 1330 562 conquirant

216 589 230 630 2
252 575 535 661 Brundisiumque
559 578 774 642 deducendas
798 587 922 647 curent.
970 581 1070 648 mittit
1083 580 1120 646 in
1136 582 1327 649 Sardiniam

253 703 330 747 cum
353 683 485 767 legione
509 707 576 750 una
599 684 769 751 Valerium
792 687 950 770 legatum,
974 688 1009 752 in
1031 688 1181 756 Siciliam
1205 690 1327 755 Curio-

252 809 330 853 nem
352 797 585 874 propraetore
608 813 686 856 cum
708 793 896 876 legionibus
919 795 968 873 ΙΙ;
992 797 1146 877 eundem,
1170 818 1248 861 cum
1272 797 1327 861 Si-

253 895 364 961 ciliam
387 898 575 981 recepisset,
600 898 751 982 protinus
769 899 805 966 in
827 900 977 966 Africam
992 902 1206 967 transducere
1230 925 1326 967 exer-

254 1004 357 1071 citum
376 1005 477 1071 iubet.
524 1007 713 1073 Sardiniam
732 1008 904 1074 obtinebat
926 1011 971 1082 Μ,
987 1010 1096 1089 Cotta,
1115 1013 1262 1077 Siciliam
1278 1013 1328 1078 M.

217 1112 351 1190 aCat03
375 1113 527 1179 Africam
560 1121 647 1180 sorte
677 1117 808 1181 Tubero
838 1118 986 1183 obtinere
1009 1121 1163 1185 debebat.
1220 1116 1330 1185 Oara-

253 1218 358 1300 litani‚
382 1220 481 1285 simul
507 1223 551 1286 ad
580 1244 616 1287 se
640 1222 811 1287 Valerium
841 1225 927 1291 mitti
956 1227 1144 1308 audierunt,
1176 1229 1328 1292 nondum

254 1328 403 1411 profecto
426 1350 467 1392 ex
488 1328 587 1394 Italia
610 1351 672 1394 sua
694 1336 812 1414 sponte
835 1330 968 1396 Cottam
987 1355 1027 1396 ex
1046 1333 1168 1416 oppido
1192 1333 1330 1398 eiciunt.

254 1433 309 1498 ille
331 1435 533 1518 perterritus,
558 1437 648 1520 quod
672 1457 804 1501 omnem
833 1436 1041 1520 provinciam
1064 1440 1250 1503 consentire
1274 1440 1328 1503 in-

218 1548 443 1632 4tellegebat,
466 1572 506 1615 ex
539 1549 694 1616 Sardinia
725 1549 761 1613 in
789 1549 938 1614 Africam
965 1548 1122 1632 profugit.
1177 1550 1260 1615 Cato
1292 1553 1329 1616 in

256 1656 370 1722 Sicilia
398 1678 504 1722 naves
533 1656 651 1740 longas
693 1663 822 1723 veteres
850 1656 1036 1736 reficiebat,
1065 1677 1172 1720 novas
1207 1658 1330 1722 civita-

255 1765 345 1830 tibus
367 1763 564 1848 imperabat.
609 1763 693 1827 haec
715 1782 838 1846 magno
854 1761 965 1827 studio
981 1763 1114 1845 agebat.
1159 1762 1193 1825 in
1216 1762 1330 1824 Luca-

255 1873 308 1939 nis
332 1872 537 1958 Bruttiisque
560 1871 762 1955 perlegales
781 1892 860 1935 suos
879 1869 1004 1934 civium
1025 1870 1250 1933 Romanorum
1275 1869 1328 1931 di-

180 2063 184 2068 ,
255 1981 362 2045 lectus
385 1981 543 2058 habebat,
561 1977 710 2063 equitum
729 1976 943 2062 peditumque
963 1983 1091 2042 certum
1114 1962 1291 2040 numerum
1307 1997 1329 2039 a

220 2104 235 2146 a
256 2085 450 2151 civitatibus
473 2085 604 2149 Siciliae
635 2084 801 2170 exigebat.
848 2084 969 2169 quibus
998 2086 1099 2149 rebus
1122 2104 1228 2168 paene
1251 2104 1330 2166 per-

257 2192 353 2257 lectis
376 2193 523 2255 adventu
538 2191 691 2256 Curionis
708 2191 843 2276 cognito
859 2191 1007 2276 queritur
1024 2190 1061 2255 in
1083 2190 1237 2256 contione
1255 2211 1334 2254 sese

257 2297 441 2381 proiectum
476 2317 516 2360 ac
541 2297 708 2380 proditum
743 2317 764 2362 a
800 2297 862 2363 Cn.
894 2298 1063 2383 Pompeia,
1090 2291 1148 2382 qui
1175 2297 1335 2362 omnibus

258 2405 357 2470 rebus
379 2402 658 2485 imparatissimus
674 2425 742 2468 non
765 2405 992 2470 necessarium
1015 2405 1139 2470 bellum
1162 2405 1332 2488 suscepis-

259 2518 311 2579 set
328 2517 361 2576 et
376 2513 418 2575 ab
437 2531 474 2574 se
490 2509 690 2594 reliquisque
708 2511 745 2573 in
761 2517 880 2575 senatu
898 2509 1121 2594 interrogatus
1137 2510 1248 2574 omnia
1267 2511 1334 2574 sibi

259 2641 332 2685 esse
355 2619 397 2682 ad
421 2616 546 2680 bellurn
569 2620 647 2698 apta
669 2637 710 2680 ac
732 2622 851 2700 parata
873 2617 1150 2683 confirmavisset.
1194 2617 1280 2682 haec
1296 2618 1335 2682 in

259 2726 415 2792 contione
439 2729 577 2808 questus
600 2743 641 2785 ex
663 2722 836 2805 provincia
859 2722 955 2806 fugit.

225 2851 236 2892 1
350 2830 478 2898 XXXI.
507 2827 605 2893 Nacti
629 2849 755 2892 vacuas
777 2831 820 2893 ab
844 2828 991 2914 imperiis
1022 2829 1211 2896 Sardiniam
1235 2831 1339 2896 Vale-

225 2956 238 2997 2
260 2941 341 3020 rius,
357 2937 457 3004 Curio
474 2935 622 3001 Siciliam
637 2956 714 2999 cum
736 2936 937 3001 exercitibus
960 2960 998 3001 eo
1022 2937 1230 3022 perveniunt.
1270 2939 1338 3002 'l'u-

261 3052 341 3115 bero
356 3069 434 3112 cum
457 3045 492 3110 in
514 3044 664 3110 Africam
686 3044 843 3124 venisset,
860 3043 988 3109 invenit
1008 3044 1043 3109 in
1058 3044 1232 3129 provincia
1255 3066 1337 3110 cum

261 3154 398 3239 imperio
422 3153 551 3218 Attium
569 3152 713 3229 Varum3
727 3151 791 3235 {qui
813 3153 858 3216 ad
881 3152 1074 3231 Arrximum,
1092 3158 1131 3217 ut
1149 3172 1250 3235 supra
1274 3153 1338 3216 de-

262 3259 544 3338 monstravimus,
575 3257 708 3324 amissis
738 3257 930 3323 cohortibus
951 3257 1101 3341 protinus
1125 3279 1165 3321 ex
1194 3258 1276 3340 fuga
1298 3257 1337 3322 in

264 3366 414 3433 Africam
437 3370 635 3449 pervenerat
657 3370 757 3450 atque
781 3386 856 3430 eam
880 3385 941 3428 sua
971 3370 1087 3447 sponte
1109 3383 1252 3428 vacuam
1265 3356 1340 3427 'oo-

264 3477 446 3558 cupaverat
466 3471 654 3555 dilectuque
677 3471 790 3538 habito
814 3473 898 3538 duas
915 3470 1065 3554 legiones
1088 3470 1253 3549 effecerat,
1272 3469 1340 3534 ho-

264 3581 393 3648 minum
416 3585 449 3645 et
471 3580 621 3644 locorum
639 3579 757 3644 notitia
779 3585 812 3644 et
827 3600 890 3644 usu
910 3576 982 3643 eius
1000 3575 1192 3662 provinciae
1215 3582 1343 3642 nactus

266 3688 375 3754 aditus
398 3688 442 3752 ad
465 3707 505 3750 ea
528 3686 692 3766 conanda,
715 3687 804 3769 quod
821 3685 939 3771 paucis
961 3689 1037 3751 ante
1053 3683 1150 3748 annis
1173 3705 1213 3747 ex
1236 3703 1340 3767 prae-

228 3822 245 3872 s
265 3806 341 3869 tura
355 3815 430 3861 eam
444 3792 653 3879 provinciam
669 3791 867 3858 obtinuerat.
913 3790 969 3857 hic
992 3790 1180 3856 venientem
1202 3790 1339 3858 Uticam
