2768 4200
174 210 226 265 110
536 212 587 266 DE
608 213 732 268 BELLO
753 213 874 268 CIVILI

140 391 149 431 1
262 373 349 437 LXI.
384 373 475 454 Quos
490 373 680 458 Pompeius,
698 376 786 458 quod
802 380 896 440 erant
911 375 1051 443 honesto
1074 375 1148 440 loco
1172 377 1242 441 nati

174 487 206 546 et
229 481 381 546 instructi
403 481 582 547 liberaliter
604 503 794 567 magnoque
818 483 975 548 comitatu
999 496 1031 548 et
1054 483 1167 549 multis
1190 483 1243 548 iu·

174 588 294 654 mentis
310 595 474 653 venerant
495 589 625 674 virique
648 590 749 654 fortes
772 590 983 655 habebantur
1005 596 1038 654 et
1059 591 1094 655 in
1116 590 1243 655 honore

173 697 263 780 apud
278 696 457 761 Caesarem
472 697 612 775 fuerant,
629 697 783 780 quodque
805 718 929 761 novum
953 704 985 763 et
1007 702 1139 782 praeter
1161 719 1243 761 con-

173 804 383 869 suetudinem
407 803 584 883 acciderat,
608 803 721 867 omnia
744 824 806 867 sua
829 804 997 888 praesidia
1020 805 1242 870 circumduxit

137 924 150 964 2
172 913 272 992 atque
295 911 481 980 ostentavit.
529 931 609 975 nam
632 916 709 975 ante
732 910 766 975 id
790 919 919 996 tempus
942 933 1041 977 nemo
1065 917 1123 977 aut
1146 913 1244 978 miles

173 1023 231 1080 aut
245 1038 345 1101 eques
361 1039 382 1081 a
400 1017 546 1082 Caesare
562 1018 605 1082 ad
624 1017 821 1101 Pompeium
838 1019 1024 1093 transierat,
1041 1040 1119 1083 cum
1135 1040 1242 1103 paene

172 1125 292 1190 cotidie
315 1148 335 1191 a
356 1125 515 1210 Pompeio
534 1129 577 1190 ad
593 1126 771 1192 Caesarem
795 1127 1017 1210 perfugerant,
1041 1126 1143 1210 vulgo
1162 1148 1245 1191 vero

172 1231 321 1295 universi
337 1231 372 1295 in
384 1231 483 1314 Epiro
502 1237 603 1314 atque
619 1231 750 1297 Aetolia
773 1230 951 1314 conscripti
968 1230 1088 1295 milites
1108 1251 1243 1295 earum-

136 1347 149 1389 3
172 1358 236 1420 que
251 1335 424 1420 regionum
441 1336 599 1415 omniurn,
616 1357 701 1420 quae
725 1358 745 1400 a
768 1316 911 1401 Caesare
934 1338 1142 1404 tenebantur.
1184 1337 1244 1402 sed

170 1446 207 1509 hi
230 1445 373 1529 cognitis
392 1446 547 1510 omnibus
561 1448 671 1526 rebus,
687 1469 747 1512 seu
764 1445 844 1530 quid
859 1446 894 1510 in
910 1445 1151 1511 munitionibus
1166 1469 1244 1532 per-

171 1554 297 1619 fectum
320 1575 387 1618 non
417 1559 496 1633 erat,
525 1575 584 1618 seu
614 1554 693 1638 quid
725 1575 745 1618 a
775 1553 986 1638 peritioribus
1015 1553 1063 1617 rei
1092 1552 1247 1618 militaris

173 1662 354 1728 desiderari
376 1661 562 1741 videbatur,
586 1662 857 1746 temporibusque
872 1684 982 1727 rerum
1007 1668 1039 1727 et
1062 1661 1179 1745 spatiis
1194 1662 1246 1725 lo-

172 1791 286 1834 corum
321 1774 353 1832 et
387 1768 612 1833 custodiarum
648 1769 741 1834 varia
781 1769 952 1854 diligentia
982 1768 1244 1849 animadversa,

171 1883 269 1962 prout
298 1877 459 1961 cuiusque
485 1898 610 1956 eorum,
640 1876 697 1961 qui
719 1877 861 1961 negotiis
887 1882 1072 1960 praeerant,
1096 1883 1154 1940 aut
1181 1898 1244 1942 na·

172 1991 246 2049 tura
269 1989 326 2049 aut
343 1984 491 2049 studium
513 1985 651 2064 ferebat,
672 1985 757 2049 haee
772 1985 815 2049 ad
830 1983 1027 2068 Pompeium
1051 1985 1163 2049 omnia
1183 1985 1244 2050 de-

172 2091 329 2155 tulerunt.

138 2223 147 2263 1
260 2197 364 2261 LXII.
391 2197 520 2278 Quibus
550 2196 604 2261 ille
628 2197 769 2282 cognitis
794 2197 1040 2283 eruptionisque
1069 2196 1138 2260 iam
1168 2204 1245 2262 ante

172 2308 268 2387 capto
292 2304 440 2384 consilio,
469 2310 506 2368 ut
528 2307 789 2379 demonstratum
822 2310 887 2384 est,
921 2304 1102 2388 tegimenta
1136 2302 1246 2386 galeis

172 2411 293 2476 milites
318 2434 358 2476 ex
381 2411 564 2476 viminibus
597 2412 707 2477 faeere
730 2419 830 2497 atque
855 2431 1012 2495 aggerem
1036 2409 1128 2474 iubet
1150 2431 1245 2474 com-

136 2541 150 2583 a
171 2527 311 2602 portare.
358 2517 412 2583 his
435 2519 561 2603 paratis
584 2521 685 2584 rebus
708 2540 867 2602 magnum
892 2538 1067 2582 numerum
1082 2516 1168 2581 levis
1188 2538 1244 2582 ar-

172 2631 322 2689 maturae
345 2632 377 2690 et
401 2624 649 2709 sagittariorum
672 2646 896 2709 aggeremque
927 2646 1058 2688 omnem
1083 2630 1186 2688 noctu
1208 2625 1243 2688 in

171 2731 317 2815 scaphas
340 2738 372 2796 et
390 2752 494 2797 naves
519 2731 686 2795 actuarias
709 2732 867 2815 imponit3
891 2738 924 2795 et
947 2733 988 2796 de
1011 2730 1122 2795 media
1145 2735 1246 2795 nocte

172 2836 327 2902 cohortes
350 2837 412 2901 LX
434 2860 475 2902 ex
498 2836 651 2901 maximis
676 2837 794 2902 eastris
817 2837 1057 2922 praesidiisque
1081 2838 1246 2902 deductas

172 2946 215 3009 ad
239 2966 314 3010 eam
338 2952 465 3030 partem
488 2945 712 3010 munitionum
741 2946 842 3026 ducit,
874 2968 958 3031 quae
988 2945 1177 3030 pertinebat
1200 2947 1245 3010 ad

171 3074 264 3119 mare
287 3054 547 3139 longissimeque
571 3075 591 3118 a
617 3054 774 3119 maximis
797 3055 916 3121 castris
939 3054 1092 3120 Caesaris
1117 3055 1245 3125 aberat.

135 3181 148 3225 3
172 3163 287 3227 eodem
312 3183 427 3243 naves,
451 3184 535 3248 quas
559 3163 870 3243 demonstravimus,
888 3183 1010 3247 aggere
1029 3168 1062 3227 et
1079 3161 1164 3226 levis
1189 3183 1246 3226 ar-

171 3276 322 3335 maturae
345 3271 508 3336 militibus
543 3270 725 3355 completas
757 3291 908 3355 quasque
941 3272 985 3336 ad
1013 3270 1244 3356 Dyrrachium

171 3398 274 3442 naves
296 3378 415 3462 longas
434 3379 588 3458 hahebat
608 3377 708 3442 mittit
726 3384 760 3443 et
778 3377 856 3462 quid
880 3398 1048 3463 equoque
1066 3377 1138 3442 fieri
1160 3377 1244 3442 velit

135 3502 148 3544 4
171 3485 342 3570 praecipit.
382 3489 426 3551 ad
445 3507 501 3551 eas
525 3485 725 3550 munitiones
748 3484 873 3549 Cacsar
895 3485 1073 3550 Lentulum
1096 3483 1245 3550 Mareel-

171 3591 276 3656 linum
305 3601 513 3677 quaestorem
547 3614 624 3657 cum
652 3592 782 3676 legione
810 3592 870 3657 IX.
900 3593 1046 3677 positum
1080 3591 1245 3669 habehat;

171 3696 260 3778 huic,
274 3699 363 3783 quod
378 3698 569 3766 valetudine
586 3698 699 3763 minus
715 3702 890 3764 commoda
906 3701 1070 3780 utebatur,
1086 3698 1254 3764 Fulvium
1289 3694 1298 3710 ‘

171 3806 367 3873 Postumum
392 3810 576 3875 adiutorem
600 3807 811 3875 submiserat.
