2768 4200
392 240 510 302 COMM.
532 240 584 304 III.
604 241 687 301 CAP.
707 241 957 301 LXXI—LXXV.
1152 241 1203 299 117

138 400 419 474 exercitatissimis
440 406 581 471 ducibus
605 406 826 491 pacavissent,
850 408 938 493 quod
952 404 1111 471 finitimas
1135 406 1202 470 fru-

136 515 380 600 mentariasque
403 513 592 599 provincias
613 514 648 578 in
679 520 877 600 potestatem
899 513 1119 598 redegissent3
1144 515 1202 578 de-

135 624 237 709 nique
260 621 426 688 recordari
450 623 581 703 debere,
605 644 672 708 qua
695 623 853 689 felicitate
874 623 960 689 inter
983 622 1111 687 medias
1141 623 1202 687 ho·
1276 702 1280 707 ι

136 731 236 797 stium
259 731 384 796 classes
407 729 546 815 oppletis
579 752 646 796 non
676 732 783 797 solum
816 731 976 817 portibus,
1009 731 1067 796 sed
1101 730 1200 797 etiam

134 839 286 904 litoribus
321 858 436 902 omnes
466 836 648 903 incolumes
673 844 784 905 essent
818 838 1041 924 transportati.
1088 838 1200 903 sinon
1231 858 1237 898 ι

137 945 249 1012 omnia
272 946 427 1011 caderent
450 947 607 1026 secunda,
626 947 793 1013 fortunam
810 967 881 1012 esse
905 945 1067 1010 industria
1090 946 1201 1011 suble-

131 1053 292 1117 'vandam
341 1052 430 1136 quod
471 1059 557 1119 esset
599 1059 773 1137 acceptum
807 1051 1015 1133 detrimenti,
1053 1050 1201 1116 cuiusvis

136 1161 246 1246 potius
270 1182 370 1245 quam
394 1181 474 1224 suae
507 1160 624 1244 culpae
654 1163 774 1226 debere
797 1159 907 1231 tribui.
954 1159 1063 1224 locum
1086 1180 1121 1224 se
1145 1181 1200 1224 ae·
1226 1184 1238 1224 :›

137 1290 239 1354 quum
263 1268 306 1333 ad
325 1267 550 1333 dimicandum
575 1268 716 1349 dedisse,
739 1269 879 1352 potitum
903 1289 938 1332 sc
961 1288 1033 1334 esse
1054 1266 1200 1332 hostium

137 1375 265 1454 castris,
289 1374 451 1460 expulisse
475 1396 514 1440 ac
538 1397 712 1461 superasse
734 1381 932 1461 pugnantes.
977 1376 1036 1440 sed
1060 1375 1131 1440 sive
1150 1375 1201 1459 ip·
1264 1440 1268 1447 ,

136 1504 248 1548 sorum
272 1483 474 1567 perturbatio
499 1483 570 1549 sive
596 1505 685 1549 error
709 1484 828 1569 aliquis
851 1484 922 1549 sive
946 1483 1047 1549 etiam
1070 1485 1199 1549 fortuna

136 1592 266 1671 partam
301 1584 368 1649 iam
401 1590 675 1671 praesentemque
705 1586 880 1652 victoriam
914 1587 1201 1670 interpellavisset

137 1696 282 1759 dandam
311 1693 463 1758 omnibus
492 1715 637 1779 operam,
669 1700 707 1761 ut
740 1700 913 1780 acceptum
954 1695 1201 1760 incommodum

136 1803 258 1868 virtute
277 1802 471 1883 sarciretur3
495 1803 631 1887 quodsi
655 1809 743 1869 esset
759 1804 894 1879 sactum,
912 1802 1145 1868 detrimentum
1168 1804 1200 1867 in
1226 1829 1239 1871 o

135 1913 260 1977 bonurn
283 1916 435 1990 verteret,
458 1911 507 1975 uti
535 1912 577 1974 ad
608 1909 810 1996 Gergoviam
835 1911 1022 1991 accidisset,
1048 1917 1146 1997 atquc
1168 1911 1200 1997 ii,

136 2019 193 2102 qui
217 2025 292 2083 ante
315 2019 475 2083 dimicare
498 2018 694 2093 timuissent,
725 2019 809 2085 ultro
834 2042 869 2085 se
891 2019 1013 2104 proelio
1038 2020 1201 2086 offerrent.

226 2125 378 2195 LXXIV.
408 2124 482 2189 Hac
504 2125 622 2190 habita
648 2127 800 2192 contione
823 2128 997 2193 nonnullos
1025 2128 1202 2213 signiferos
1229 2153 1235 2192 1

136 2233 320 2320 ignominia
338 2233 466 2298 notavit
483 2254 522 2298 ac
540 2234 612 2299 loco
632 2235 744 2300 movit.
785 2237 942 2303 exercitui
962 2238 1094 2323 quidem
1114 2238 1201 2303 omni
1226 2260 1238 2301 r

137 2347 249 2407 tantus
272 2338 408 2406 incessit
431 2361 471 2405 ex
493 2340 702 2406 incommodo
726 2342 819 2407 dolor
838 2349 1031 2429 tantumque
1055 2345 1201 2411 studium

136 2450 294 2517 infamiae
314 2449 515 2530 sarciendae,
534 2455 571 2515 ut
590 2472 685 2515 nemo
706 2457 762 2516 aut
785 2453 908 2518 tribuni
927 2460 985 2521 aut
1003 2456 1203 2521 centurionis

136 2557 312 2643 imperium
336 2558 540 2624 desideraret
562 2566 595 2625 et
611 2559 673 2624 sibi
697 2560 835 2646 quisque
859 2561 958 2627 etiarn
981 2584 1108 2647 poenae
1130 2565 1202 2628 loco

136 2665 307 2750 graviores
336 2665 519 2751 imponeret
549 2668 690 2749 labores
722 2667 886 2754 simulque
910 2691 1024 2735 omnes
1052 2671 1202 2735 arderent

136 2773 316 2858 cupiditate
340 2774 522 2858 pugnandi,
546 2797 623 2840 cum
647 2776 827 2860 superioris
854 2775 953 2840 etiam
978 2776 1100 2841 ordinis
1119 2799 1202 2841 non-

135 2880 215 2946 nulli
243 2881 369 2946 ratione
394 2882 533 2965 permoti
553 2884 756 2947 manendum
776 2903 814 2946 eo
836 2881 909 2946 loco
933 2889 964 2947 et
987 2903 1054 2947 rcrn
1081 2882 1203 2965 proelio

136 2988 407 3054 committendam
442 2982 680 3054 existimarent.
727 2995 841 3055 contra
874 3010 913 3054 ea
940 2988 1065 3054 Caesar
1096 3012 1239 3075 nequeo

135 3096 216 3161 satis
239 3096 398 3162 militibus
416 3097 598 3181 perterritis
616 3097 804 3163 confidebat
822 3097 1033 3182 spatiumque
1056 3097 1202 3182 interpo-

135 3207 281 3270 nendum
305 3207 347 3270 ad
374 3208 573 3272 recreandos
605 3206 733 3271 animos
756 3208 897 3290 putabat
929 3212 961 3270 et
983 3205 1106 3272 relictis
1128 3229 1203 3271 rnu-

134 3310 315 3376 nitionibus
339 3334 540 3398 magnopere
562 3313 611 3379 rei
633 3313 866 3379 frumentariae
884 3313 1032 3380 timebat.

224 3419 360 3487 LXXV.
397 3421 514 3506 Itaque
543 3423 636 3488 nulla
665 3422 861 3508 interposita
893 3445 986 3488 mora
1015 3423 1201 3490 sauciorum
1229 3444 1238 3486 1

135 3527 281 3594 modoet
298 3548 472 3613 aegrorum
490 3529 606 3595 habita
624 3529 749 3597 ratione
771 3530 1008 3615 impedimenta
1031 3532 1142 3597 omnia
1157 3532 1202 3596 si·

135 3633 236 3700 lentio
259 3635 366 3720 prima
388 3643 485 3704 nocte
515 3659 556 3702 ex
580 3637 697 3703 eastris
724 3638 936 3722 Apolloniam
968 3639 1140 3723 praemisit
1163 3661 1203 3704 ac

137 3742 369 3828 conquiescere
393 3751 469 3811 ante
493 3744 555 3810 iter
578 3746 765 3810 coniectum
788 3746 902 3812 uetuit.
949 3747 1001 3812 his
1026 3770 1094 3813 una
1116 3748 1203 3832 legio

135 3849 238 3924 missa
260 3852 425 3936 praesidio
450 3860 508 3919 est.
555 3852 607 3919 his
631 3853 792 3937 explicitis
816 3856 914 3919 rebus
934 3857 1017 3920 duas
1035 3856 1203 3922 incastris
1226 3876 1242 3917 a
