2768 4200
449 217 568 275 COMM.
587 217 609 271 Ι.
631 216 714 272 CAP.
735 216 894 272 XII—XV.
1192 216 1210 265 tt

139 382 220 446 nihil
232 381 315 447 citra
334 382 486 465 Capuam
498 386 605 446 tutum
622 401 694 444 esse
714 379 866 443 omnibus
882 379 1022 446 ridetur.
1071 379 1208 462 Capuae

139 490 282 574 primum
307 510 379 554 sese
402 488 597 554 confirmant
620 495 652 553 et
683 486 843 571 colligunt
871 486 1093 569 dilectumque
1117 486 1207 551 colo—

138 617 267 674 norum,
291 596 348 679 qui
365 596 440 679 lege
463 595 548 660 Iulia
564 594 715 678 Capuam
732 593 867 660 deducti
890 599 991 673 eraut,
1016 593 1139 657 habere
1156 593 1207 656 in-

139 705 290 783 stituunt,
314 704 591 788 gladiatoresque,
620 703 772 788 quesibi
798 701 980 768 Caesario
1004 701 1081 766 ludo
1105 702 1207 766 habc-

138 814 206 890 bat,
226 813 269 875 ad
285 812 394 876 forum
412 813 590 895 productos
607 810 767 876 Lentulus
783 832 841 894 spe
860 810 1021 875 libertatis
1038 809 1208 874 confirmat

139 928 237 1004 atque
256 920 296 984 iis
320 941 422 1004 equos
446 919 594 984 attribuit
609 926 642 984 et
665 941 699 983 se
719 919 808 1002 sequi
833 918 939 983 iussit.
987 939 1069 1003 quos
1093 925 1208 1001 postea
1245 946 1260 987 a

140 1026 285 1098 monitus
309 1028 351 1090 ab
375 1026 453 1100 suis,
479 1027 567 1109 quod
592 1046 701 1090 cares
725 1025 872 1089 omnium
889 1024 1010 1089 iudicio
1030 1024 1208 1108 reprehen-

140 1133 289 1206 debatur,
312 1131 438 1197 oircum
463 1132 606 1197 familias
638 1139 821 1198 conventus
849 1132 1012 1216 Campani
1039 1132 1208 1196 custodiae

140 1260 243 1304 causa
261 1241 437 1306 distribuit.

230 1348 304 1412 XV.
324 1348 465 1412 Auximo
491 1348 615 1413 Caesar
638 1369 834 1432 progressus
859 1369 990 1413 omnem
1011 1368 1131 1432 agrum
1150 1346 1207 1409 Pi·
1247 1373 1256 1412 ι

138 1476 259 1520 cenum
283 1455 455 1538 percurrit.
503 1461 642 1520 cunctae
658 1477 772 1521 earum
789 1455 959 1541 regionum
977 1457 1206 1540 praefecturae

137 1561 366 1626 libentissimis
396 1563 517 1628 animis
551 1585 626 1628 eum
660 1563 823 1648 recipiunt
856 1563 1103 1647 exercitumque
1136 1561 1207 1626 eius

138 1670 292 1734 omnibus
316 1672 415 1735 rebus
439 1671 565 1736 iurant.
613 1671 713 1737 otiam
744 1670 904 1755 Cingulo,
929 1671 1017 1754 quod
1047 1668 1205 1752 oppidum
1243 1692 1258 1732 2

137 1777 306 1843 Labienus
325 1779 541 1846 constituerat
561 1799 686 1863 suaque
702 1778 845 1862 pecunia
861 1777 1147 1855 exaedificaverat,
1162 1778 1205 1840 ad

140 1906 214 1948 eum
239 1884 339 1968 legati
364 1885 503 1950 veniunt
527 1907 678 1970 quaeque
702 1885 915 1968 imperaverit
939 1907 974 1948 se
990 1883 1205 1968 cupidissime

138 1992 283 2055 facturos
308 1992 514 2075 pollicentur.
562 1993 682 2057 milites
710 1993 866 2076 imperat:
892 1993 1034 2057 mittunt.
1082 1992 1203 2056 interea
1243 2013 1258 2054 s

139 2095 226 2178 legio
242 2097 319 2161 ΧΠ.
332 2097 510 2162 Caesarem
528 2099 751 2183 consequitur.
788 2121 864 2163 cum
880 2099 933 2162 his
950 2100 1080 2163 duabus
1097 2100 1205 2164 Ascu-

137 2201 207 2265 lum
230 2202 393 2266 Picenum
417 2203 644 2286 proficiscitur.
684 2204 718 2268 id
741 2205 899 2288 oppidum
924 2205 1083 2271 Lentulus
1107 2205 1205 2289 Spin-

137 2310 213 2374 ther
237 2310 271 2374 X
289 2311 479 2375 cohortibus
496 2312 647 2390 tenebat3
665 2313 721 2395 qui
738 2311 892 2376 Caesaris
909 2313 1055 2377 adventu
1071 2313 1204 2396 cognito

137 2415 284 2499 profugit
300 2439 340 2480 ex
359 2416 479 2500 oppido
497 2416 714 2502 cohortesque
739 2439 850 2483 secum
876 2419 1041 2482 abducere
1066 2425 1205 2483 conatus

136 2544 259 2608 magna
281 2531 373 2607 parte
402 2524 543 2590 militum
567 2526 738 2595 deseritur.
774 2526 907 2590 relictus
930 2525 965 2592 in
986 2525 1102 2591 itinere
1127 2548 1203 2590 cum
1242 2549 1256 2587 s.

136 2630 253 2714 paucis
276 2629 391 2694 incidit
415 2631 448 2693 in
473 2631 656 2696 Vibullium
680 2632 802 2696 Rufum
827 2631 965 2696 missum
996 2653 1017 2695 a
1045 2632 1203 2715 Pompeio

136 2738 169 2802 in
193 2748 315 2822 agrum
337 2737 496 2803 Picenum
520 2740 819 2804 confirmandorum
844 2739 1017 2804 hominum
1037 2760 1147 2803 causa.
1184 2761 1204 2802 a

137 2865 201 2927 quo
226 2847 333 2909 factus
356 2846 522 2911 Vibullius
547 2847 678 2926 certior,
703 2869 864 2932 quaeres
891 2847 925 2912 in
955 2847 1077 2912 Piceno
1108 2869 1203 2930 gere-

137 2956 262 3030 rentur,
279 2952 397 3017 milites
422 2956 464 3017 ab
488 2976 526 3019 eo
550 2955 682 3038 accipit,
700 2955 809 3038 ipsum
828 2953 970 3018 dimittit.
1006 2954 1085 3018 item
1105 2976 1145 3017 ex
1164 2955 1202 3017 fr-
1241 2977 1255 3013 τ,

137 3055 262 3120 ultimis
285 3058 475 3141 regionibus
499 3082 583 3144 quas
606 3068 713 3145 potest
736 3060 901 3126 contrahit
924 3061 1075 3125 cohortes
1095 3083 1135 3126 ex
1152 3062 1201 3125 di-

136 3162 277 3228 lectibus
290 3164 517 3248 Pompeianis;
532 3166 631 3232 iubis
647 3168 823 3233 Camerino
841 3168 1023 3252 fugientem
1037 3168 1201 3233 Lucilium

138 3269 272 3334 Hirrum
295 3293 371 3335 oum
396 3293 454 3336 sex
478 3274 684 3354 cohortibm,
709 3297 792 3359 quas
815 3276 862 3340 ibi
886 3276 920 3339 iu
944 3276 1109 3359 praesidio
1141 3278 1202 3340 ha-

136 3379 263 3456 buerat,
288 3378 426 3463 excipit3
451 3380 571 3464 quibus
595 3383 719 3447 coactis
744 3384 827 3448 Xlll
851 3383 961 3448 efficit.
998 3405 1075 3447 cum
1091 3383 1144 3447 his
1161 3386 1203 3447 ad
1240 3405 1255 3441 n

135 3485 318 3551 Domitium
334 3487 594 3552 Ahenobarbum
610 3488 787 3554 Corfinium
801 3489 931 3573 magnis
943 3489 1115 3555 itineribus
1129 3513 1202 3575 pcr-

135 3592 228 3657 veuit
251 3594 496 3679 Caesaremque
520 3597 638 3661 adesse
663 3618 739 3660 cum
763 3596 951 3679 legionibus
968 3598 1098 3661 duabus
1117 3619 1203 3662 nun-

135 3697 204 3764 tiat.
223 3700 387 3766 Domitius
409 3723 469 3786 per
491 3725 528 3767 se
544 3702 676 3769 circiter
692 3705 758 3768 XX
774 3704 925 3769 cohortos
941 3705 1038 3784 Alba,
1055 3727 1095 3769 cx
1111 3705 1202 3770 Mar-

135 3810 182 3873 sis
207 3816 239 3874 et
262 3811 441 3897 Paelignis,
466 3813 615 3879 finitimis
639 3815 681 3879 ab
705 3813 896 3897 regionibus
920 3821 1096 3896 coegerat.
