2768 4200
346 208 465 265 COMM.
487 209 538 267 ΙΙΙ,
559 207 642 263 CAP.
662 206 997 262 XXXVI-XXXVIII.
1167 205 1202 259 97

134 372 178 436 lio
202 372 394 436 decertaret.
441 371 501 434 sed
524 391 600 433 cnm
624 376 711 434 esset
734 369 820 434 inter
843 367 923 433 bina
939 373 1049 432 castra
1064 389 1203 452 campus

134 479 267 545 circiter
289 477 417 542 milium
440 497 600 561 passuum
623 477 680 556 VI,
710 475 876 540 Domitius
899 475 1017 540 castris
1040 475 1205 560 Scipionis

134 585 243 650 aciem
274 605 369 649 suam
399 583 548 663 subiecit,
572 582 670 647 illea
699 582 788 647 vallo
810 604 876 647 non
899 581 1069 646 discedere
1092 603 1204 666 perse·

136 694 276 759 veravit.
323 714 363 759 ac
392 698 506 757 tamen
529 711 629 776 aegre
651 690 786 756 retentis
819 689 1019 756 Domitianis
1044 689 1205 755 militibus
1228 701 1241 744 3

134 802 347 880 estfactum,
370 822 413 866 ne
447 799 570 883 proelio
598 799 860 876 contenderem,
884 802 916 861 et
938 796 1092 881 maxime,
1112 780 1206 882 =quod

134 907 229 972 rivus
255 906 446 971 difficilibus
472 906 554 990 ripis
582 905 752 970 subiectus
787 905 906 970 castris
941 903 1107 988 Scipionis
1129 925 1206 988 pro-

135 1035 272 1099 gressus
296 1019 484 1079 nostrorum
499 1012 712 1096 impediebat.
760 1034 901 1098 quorum
916 1012 1063 1077 studium
1087 1012 1206 1077 alacri·
1228 1025 1241 1066 4

134 1127 306 1205 tatemqne
328 1120 501 1205 pugnandi
526 1141 602 1184 cum
631 1120 844 1204 cognovisset
870 1119 992 1203 Scipio,
1016 1119 1206 1204 suspicatus

135 1229 216 1308 fore,
240 1234 276 1292 ut
299 1233 428 1311 postero
452 1226 506 1291 die
529 1234 586 1291 aut
607 1225 733 1291 invitus
762 1226 921 1291 dimicare
945 1233 1120 1312 cogeretur
1149 1232 1207 1292 aut

136 1355 261 1418 magna
289 1356 366 1398 cum
390 1333 530 1398 infamia
562 1333 680 1398 castris
715 1354 750 1398 se
781 1333 973 1414 contineret,
997 1332 1054 1418 qui
1083 1354 1207 1418 magna

136 1441 388 1524 exspectatione
411 1441 568 1521 venisset,
584 1447 707 1506 temere
722 1461 917 1525 progressus
936 1447 1067 1524 turpem
1089 1440 1209 1507 habuit

136 1550 261 1614 exitum
297 1555 329 1614 et
355 1554 453 1613 noctu
482 1570 524 1612 ne
552 1548 768 1614 conclamatis
799 1548 934 1632 quidem
965 1547 1056 1613 vasis
1083 1549 1206 1614 tlumen
1298 1597 1300 1601 «

136 1657 268 1723 transiit
292 1663 390 1741 atque
414 1657 448 1720 in
473 1658 613 1721 eandem
630 1662 769 1742 partem,
793 1679 835 1721 ex
859 1678 926 1741 qua
944 1663 1091 1738 venerat,
1109 1657 1208 1722 rediit

136 1764 250 1849 ibique
281 1786 385 1849 prope
412 1765 537 1830 flumen
568 1765 656 1830 edito
688 1771 808 1829 natura
835 1766 908 1829 loco
943 1771 1053 1830 castra
1086 1765 1206 1848 posuit.

136 1872 254 1958 paucis
277 1873 396 1938 diebus
433 1873 635 1956 interpositis
654 1879 754 1938 noctu
777 1872 925 1952 insidias,
940 1873 1089 1957 equitum
1107 1873 1209 1937 collo·
1230 1881 1243 1922 5

137 1982 238 2062 cavit,
262 2005 328 2067 quo
347 1981 381 2046 in
405 1982 477 2046 loco
497 1981 721 2064 superioribus
746 1982 815 2046 sere
839 1980 957 2045 diebus
980 1979 1083 2044 nostri
1101 1981 1208 2064 pabu-

137 2088 201 2152 lari
219 2095 475 2167 consueverant;
495 2092 619 2152 etcum
636 2087 803 2153 cotidiana
826 2085 1064 2152 consuetudine
1084 2086 1124 2168 Q.
1139 2087 1208 2151 Va-

137 2217 195 2262 rus
226 2197 415 2280 praefeotus
438 2195 588 2279 equitum
614 2195 750 2260 Domitii
773 2196 930 2274 venisset,
958 2194 1067 2260 subito
1095 2196 1143 2260 illi
1167 2219 1209 2262 ex

137 2303 270 2368 insidiis
307 2308 597 2368 consurrexerunt.
653 2304 712 2367 sed
746 2303 850 2368 nostri
884 2302 1013 2368 fortiter
1047 2303 1245 2387 impetum6

141 2429 254 2473 eorum
290 2410 436 2474 tulerunt
466 2407 680 2492 celeriterque
712 2409 755 2472 ad
787 2430 865 2473 suos
900 2408 1040 2493 quisque
1075 2409 1209 2474 ordines

138 2516 237 2581 rediit
259 2522 359 2600 atque
382 2516 469 2580 ultro
493 2516 642 2580 universi
669 2515 704 2580 in
727 2517 841 2582 hostes
864 2516 1025 2601 impetum
1050 2517 1208 2583 fecerunt.

138 2644 180 2686 ex
203 2624 257 2687 his
281 2624 412 2689 circiter
436 2623 565 2688 LXXX
587 2623 781 2704 interfectis,
804 2623 942 2708 reliquis
964 2625 1000 2688 in
1016 2626 1131 2709 fugam
1156 2647 1209 2689 co·
1233 2637 1245 2679 7

139 2727 267 2802 niectis,
292 2730 422 2795 duobus
447 2729 579 2795 arnissis
602 2730 637 2795 in
660 2735 771 2795 castra
789 2753 825 2795 se
848 2737 1051 2816 receperunt.

229 2834 422 2906 XXXVIII.
447 2838 508 2902 His
531 2839 631 2903 rebus
654 2838 757 2922 gestis
780 2838 946 2904 Domitius
974 2860 1114 2923 sperans
1138 2839 1245 2904 Sci-1
1312 2820 1315 2825 ¹

138 2937 271 3023 pionem
296 2943 335 3004 ad
361 2963 510 3026 pugnarn
538 2934 614 3008 clici
636 2966 734 3026 posse
757 2944 928 3010 simulavit
951 2967 1024 3010 sese
1048 2946 1211 3031 angustiis

138 3046 186 3112 rei
209 3046 447 3112 frumentariae
463 3050 644 3114 adductum
664 3057 776 3115 castra
793 3072 926 3117 movere
949 3053 1107 3138 vasisque
1123 3055 1211 3119 mili-

139 3153 203 3218 tari
227 3174 318 3218 more
341 3155 557 3219 conclamatis
572 3177 766 3240 progressus
783 3158 875 3223 milia
893 3180 1054 3242 passuum
1069 3160 1120 3226 HI
1137 3163 1210 3226 loco
1233 3157 1236 3164 ’

138 3261 256 3327 idoneo
280 3269 313 3326 et
331 3262 460 3326 occulto
483 3284 616 3328 omnem
639 3264 822 3331 exercitum
838 3266 1088 3351 equitatumque
1111 3268 1210 3332 collo·

137 3367 239 3433 cavit.
288 3368 398 3453 Scipio
423 3368 466 3433 ad
490 3371 695 3453 sequendum
719 3377 856 3454 paratus
879 3373 1026 3457 equitum
1051 3395 1211 3459 magnam
1233 3385 1246 3428 2

139 3480 266 3559 partem
293 3477 337 3540 ad
360 3478 600 3561 explorandum
628 3479 690 3542 iter
718 3479 854 3545 Domitii
877 3485 910 3545 et
940 3485 1210 3566 cognoscendum

137 3583 320 3666 praemisit.
368 3584 424 3669 qui
446 3607 523 3650 cum
540 3592 649 3651 essent
664 3589 841 3671 progressi,
865 3588 1057 3674 primaeque
1080 3598 1211 3658 turmae
1233 3601 1246 3644 3

137 3687 279 3754 insidias
305 3691 529 3772 intravissent,
560 3716 602 3759 ex
625 3694 760 3759 fremitu
784 3717 945 3781 equorum
977 3697 1070 3763 illata
1099 3700 1211 3784 suspi-

138 3795 233 3861 cione
256 3799 300 3862 ad
323 3821 400 3865 suos
424 3823 459 3866 se
481 3803 628 3888 recipere
651 3811 839 3890 coeperunt,
864 3807 987 3893 quique
1005 3807 1067 3873 hos
1092 3830 1212 3894 seque·

195 3922 262 3966 Caes.
275 3937 352 3970 comm.
366 3928 392 3970 de
407 3929 464 3971 bello
480 3931 521 3971 civ.
1169 3936 1188 3972 Ἰ
