2760 4192
226 226 259 279 12
590 225 641 279 DE
661 224 786 282 BELLO
807 224 928 281 Cll'ILI

223 410 312 467 sare,
338 411 439 473 opera
464 389 727 472 munitionesque
751 410 853 472 prope
877 408 948 453 esse
973 389 1151 471 perlectas3
1171 389 1292 454 (lucem

223 518 321 562 suum
346 497 538 576 Domitium,
562 496 658 562 ouius
682 518 742 580 spe
766 504 864 579 atque
888 496 1009 560 fiducia
1037 495 1293 578 permanserint,

222 605 377 690 proiectis
410 606 564 670 omnibus
597 605 697 688 fugae
728 604 902 669 consilium
937 625 1075 688 capere:
1105 604 1226 669 debere
1256 626 1294 669 se

186 725 303 778 3suae
326 713 443 778 salutis
466 713 629 778 rationem
652 714 785 779 habere.
821 713 863 776 ab
887 711 940 776 his
964 711 1069 795 primo
1094 711 1197 776 Marsi
1221 712 1293 777 dis-

222 820 344 885 sentire
355 820 519 904 iuoipiuut
530 842 671 905 eamque
683 820 796 905 oppidi
808 826 948 904 partem,
963 841 1048 904 (puae
1064 820 1289 886 munitissima

222 928 401 1008 videretur,
417 934 599 1013 occupant;
624 934 780 1012 tantaque
795 927 882 992 inter
898 948 954 992 eos
971 927 1134 992 dissensio
1153 928 1293 1008 exsistit,

223 1040 258 1100 ut
285 1058 421 1101 manum
451 1057 624 1101 conserere
655 1040 755 1119 atque
785 1036 887 1100 armis
923 1035 1081 1101 dimicare
1118 1042 1290 1100 conentur.

187 1155 199 1196 ⁴
222 1150 296 1226 post
319 1143 418 1226 paulo
436 1149 547 1207 tamen
567 1143 779 1208 internuntiis
799 1143 885 1208 ultro
905 1144 1054 1228 citroque
1074 1144 1185 1209 missis
1202 1166 1293 1228 quae

187 1261 200 1303 5
221 1249 420 1333 ignorabant
436 1251 476 1315 de
493 1250 529 1319 L.
542 1249 679 1315 Domitii
695 1250 776 1334 fuga
792 1256 1006 1334 cognoscunt.
1046 1250 1157 1335 itaque
1174 1272 1293 1315 omnes

222 1375 287 1418 uno
310 1354 448 1419 consilio
472 1354 652 1420 Domitium
676 1358 874 1439 productum
896 1356 931 1420 in
955 1355 1126 1440 publicum
1150 1355 1291 1420 circum-

222 1460 345 1525 sistunt
368 1467 400 1526 et
422 1460 613 1526 custodiunt
634 1461 828 1547 legatosque
847 1485 887 1527 ex
904 1484 964 1527 suo
984 1483 1121 1526 numero
1140 1463 1184 1526 ad
1202 1461 1290 1527 Cae-

222 1587 329 1632 sarem
355 1568 505 1632 mittunt:
530 1589 602 1634 sese
616 1577 750 1653 paratos
767 1590 840 1635 esse
857 1575 969 1653 portas
989 1568 1116 1652 aperire
1137 1590 1293 1654 quaeque

221 1673 436 1757 imperaverit
458 1675 568 1739 facere
592 1681 623 1739 et
646 1676 683 1739 L.
708 1675 887 1740 Domitium
918 1675 1034 1740 rivum
1064 1675 1099 1740 in
1129 1677 1200 1740 eius
1230 1696 1292 1758 po-

175 1859 176 1863 *
222 1786 374 1846 testatem
399 1784 540 1847 tradere.

189 1903 197 1942 1
310 1887 402 1953 XXI.
429 1888 559 1971 Quibus
583 1891 682 1954 rebus
706 1889 850 1974 cognitis
873 1889 1006 1968 Caesar,
1024 1889 1086 1956 etsi
1105 1889 1220 1973 magni
1236 1889 1292 1953 in-

221 2002 346 2061 teresse
370 1997 594 2064 arbitrabatur
618 2019 719 2082 quam
742 1997 887 2099 primun}
910 1997 1032 2081 oppido
1056 1997 1153 2080 potiri
1170 1997 1309 2061 cohor·¹

221 2110 337 2188 tesqua
361 2107 404 2169 ad
427 2126 462 2169 se
485 2105 521 2169 in
544 2112 654 2171 castra
677 2108 898 2185 transducere,
918 2128 960 2171 ne
985 2127 1051 2189 qua
1067 2111 1125 2170 aut
1140 2104 1291 2188 largitio-

221 2213 320 2277 nibus
344 2221 401 2279 aut
424 2215 526 2279 animi
550 2213 799 2280 confirmatione
827 2220 884 2278 aut
917 2214 1010 2279 salsis
1041 2212 1165 2279 nuntiis
1197 2233 1292 2276 eom-

221 2321 360 2386 mutatio
384 2322 476 2387 fieret
494 2322 685 2401 voluntatis,
705 2324 793 2406 quod
809 2343 909 2406 saepe
924 2322 959 2386 iu
978 2322 1064 2387 bello
1083 2319 1197 2405 parvis
1214 2340 1290 2382 mo-

185 2440 198 2480 2
222 2427 340 2491 mentis
364 2427 478 2512 magni
501 2449 599 2492 casus
623 2429 872 2506 intercederent,
887 2435 997 2493 tamen
1015 2428 1150 2515 veritus,
1166 2448 1208 2490 ne
1224 2427 1291 2490 mi-

221 2531 316 2596 litum
339 2532 475 2597 introitu
498 2540 530 2598 et
553 2534 706 2598 nocturni
730 2534 885 2617 temporis
908 2534 1041 2598 licentia
1059 2534 1219 2618 oppidum
1235 2535 1288 2598 di-

220 2641 391 2726 riperetur,
407 2663 474 2720 eoS,
494 2642 550 2725 qui
573 2647 743 2719 venerant,
763 2642 930 2706 collaudat
954 2647 1053 2726 atque
1071 2641 1106 2706 in
1128 2641 1288 2727 oppidum

185 2747 365 2827 adimittit,
388 2754 501 2833 portas
525 2770 702 2833 murosque
735 2749 901 2813 asservari
933 2749 1033 2819 iubet,
1081 2749 1152 2833 ipse
1183 2749 1217 2813 in
1247 2749 1291 2813 iis

221 2855 392 2939 operibus,
417 2877 502 2940 quae
526 2856 635 2921 facere
666 2856 870 2931 instituerat,
895 2857 1015 2921 milites
1045 2856 1189 2941 disponit
1221 2881 1288 2923 non

222 2964 320 3029 certis
340 2964 456 3049 spatiis
473 2965 681 3044 intermissis,
698 2972 734 3030 ut
750 2971 821 3030 erat
840 2963 1046 3048 superiorum
1064 2965 1191 3029 dierum
1207 2987 1288 3029 eon-

222 3074 373 3152 suetudo,
389 3073 448 3136 sed
472 3073 639 3156 perpetuis
664 3072 789 3157 vigiliis
812 3071 1084 3155 stationibusque,
1101 3077 1136 3136 ut
1159 3071 1290 3135 contin-

185 3186 303 3260 egant
325 3179 411 3245 inter
434 3201 469 3244 se
492 3186 591 3265 atque
620 3201 751 3245 omnem
782 3181 997 3245 munitionem
1030 3180 1203 3264 expleant3
1228 3179 1290 3246 tri-

223 3289 328 3352 bunos
352 3288 493 3354 militum
513 3294 546 3354 et
564 3290 749 3373 praefectos
765 3289 991 3353 circummittit
1011 3294 1108 3372 atque
1126 3287 1290 3359 hortatur,

222 3415 286 3459 nou
310 3395 418 3459 solum
441 3396 483 3459 ab
507 3394 734 3480 eruptionibus
767 3400 925 3474 careant,
949 3396 1008 3458 sed
1038 3394 1136 3458 etiam
1168 3393 1288 3478 singu-

184 3522 197 3563 s
221 3501 328 3567 lorum
352 3502 524 3568 hominum
549 3505 696 3570 occultos
721 3503 830 3570 exitus
854 3505 1040 3567 observent.
1078 3523 1185 3585 neque
1209 3523 1291 3565 rero

219 3615 288 3673 tam
311 3609 451 3674 remisso
475 3631 515 3674 ao
538 3610 698 3694 languido
722 3611 832 3674 animo
849 3609 1026 3693 quisquam
1047 3607 1196 3672 omnium
1213 3608 1290 3685 suit,

182 3719 276 3802 oqui
300 3739 340 3782 ea
371 3723 466 3782 nocte
499 3717 745 3802 conquieverit:
771 3723 862 3782 tanta
893 3722 963 3783 erat
992 3738 1144 3781 summae
1176 3737 1288 3781 rerum

218 3829 482 3912 exspectabant
505 3825 590 3890 alius
614 3825 646 3890 in
666 3824 766 3889 aliam
783 3833 910 3909 partem
927 3831 1035 3890 mente
1057 3830 1157 3908 atque
1176 3824 1288 3888 animo
