2768 4200
177 206 213 258 st
541 207 593 261 ba
614 206 738 260 BELLO
759 206 879 261 Cll'lLI

177 371 338 436 militibus
357 371 553 455 privatoque
570 370 708 436 consilio
722 368 1027 448 administrabatur,
1045 368 1154 432 delata
1170 367 1250 433 Ori-

177 502 254 544 cum
278 487 378 564 atque
402 502 423 543 a
454 479 572 544 Bibulo
597 484 789 562 expugnata
819 484 885 556 est;
919 477 977 560 qui
1006 478 1048 541 de
1077 477 1183 540 servis
1206 476 1249 540 li-

176 588 332 672 berisque
351 588 504 651 omnibus
526 588 570 651 ad
593 587 783 669 impuberes
799 586 998 670 supplicium
1023 585 1126 649 sumit
1148 591 1181 649 et
1204 586 1249 648 ad

176 716 281 758 unum
303 694 466 761 interficit.
513 696 561 759 ita
583 695 622 758 in
646 694 766 777 exiguo
789 702 936 777 tempore
952 713 1142 775 magnoque
1165 713 1249 758 casu

176 802 275 866 totius
299 802 462 867 exercitus
485 804 576 867 salus
600 801 757 866 constitit.

143 937 151 978 r
265 909 340 976 XV.
365 909 514 989 Bibulus,
538 915 574 973 ut
590 930 691 992 supra
706 910 969 972 demonstratum
993 914 1052 985 est,
1076 913 1148 970 erat
1170 928 1247 971 curn

176 1018 282 1082 classe
305 1019 348 1081 ad
372 1017 508 1083 Oricum
533 1024 576 1097 et,
600 1018 700 1082 sicuti
722 1017 807 1080 mari
829 1015 1044 1099 portibusque
1067 1014 1249 1080 Caesarem

175 1125 381 1209 prohibebat,
405 1125 452 1189 ita
475 1127 546 1210 ipse
568 1127 657 1190 omni
679 1133 768 1190 terra
791 1145 905 1189 earum
929 1124 1100 1208 regionum
1133 1123 1248 1207 prohi-

140 1258 153 1298 a
176 1233 334 1299 bebatur:
358 1232 535 1314 praesidiis
559 1232 648 1296 enim
672 1232 840 1315 dispositis
865 1232 978 1296 omnia
997 1230 1093 1295 litora
1116 1252 1137 1294 a
1160 1231 1248 1296 Cae·

176 1361 249 1403 sare
267 1340 465 1404 tenebantur
481 1359 587 1421 nequo
606 1339 758 1421 lignandi
778 1346 877 1423 atque
895 1339 1044 1423 aquandi
1059 1361 1168 1422 neque
1186 1361 1248 1404 na-

121 1441 124 1447 ’
139 1471 153 1511 3
175 1468 234 1511 ves
246 1449 286 1511 ad
305 1453 427 1511 terram
443 1445 612 1528 deligandi
628 1453 775 1528 potestas
787 1447 895 1512 fiebat.
920 1453 991 1511 erat
1006 1467 1060 1510 res
1071 1447 1105 1510 in
1123 1468 1249 1531 magna

175 1554 389 1632 difficultate,
419 1551 624 1635 summisque
655 1553 819 1636 angustiis
843 1574 952 1618 rerum
978 1554 1249 1619 necessariarum

128 1712 132 1718 .
173 1662 421 1744 premebantur,
446 1659 529 1722 adeo
553 1664 589 1720 ut
620 1664 815 1742 cogerentur
838 1658 937 1723 sicuti
959 1659 1124 1746 reliquum
1152 1681 1247 1724 com-

175 1774 333 1846 meatum,
356 1765 404 1831 ita
427 1765 519 1848 ligna
551 1771 649 1848 atque
674 1786 795 1847 aquam
820 1765 968 1850 Corcyra
995 1766 1139 1829 navibus
1165 1788 1247 1831 one-

138 1875 270 1939 trariis
295 1879 508 1957 supportare;
532 1879 632 1956 atque
656 1872 756 1936 etiam
786 1893 852 1936 uno
877 1878 1024 1954 tempore
1048 1873 1180 1953 accidit,
1212 1879 1249 1939 ut

175 1981 416 2046 difficilioribus
433 1979 486 2043 usi
507 1978 759 2062 tempestatibus
778 2000 817 2042 ex
833 1978 986 2061 pellibus,
1010 1980 1133 2062 quibus
1153 1987 1249 2044 erant

137 2112 151 2151 a
172 2096 279 2155 tectae
294 2109 408 2167 navae,
423 2092 623 2150 nocturnum
640 2084 791 2169 excipere
806 2106 912 2149 rorem
926 2091 1134 2168 cogerentur.
1163 2108 1248 2170 quas

171 2203 284 2260 tamen
307 2193 520 2259 difficultates
542 2192 704 2276 patienter
722 2198 821 2275 atquo
844 2212 949 2274 aequo
967 2191 1076 2256 auimo
1093 2194 1247 2259 ferebant

172 2325 280 2386 noque
303 2303 369 2367 sibi
392 2302 551 2366 nudanda
575 2301 672 2364 litora
695 2305 728 2364 et
743 2299 976 2380 relinquendos
992 2307 1107 2382 portus
1130 2300 1248 2367 existi-

136 2432 149 2468 c
173 2411 319 2474 mabant.
343 2409 402 2471 sed
426 2428 502 2471 cum
527 2413 638 2471 essent
670 2406 704 2469 in
734 2407 854 2490 quibus
888 2408 1113 2472 demonstravi
1137 2429 1248 2494 augu-

172 2515 254 2594 stiis,
279 2536 319 2578 ac
354 2535 390 2577 se
424 2513 507 2577 Libo
537 2535 614 2577 cum
645 2513 763 2578 Bibulo
797 2515 1033 2595 coniunxisset,
1064 2516 1249 2600 loquuntur

171 2626 270 2687 ambo
294 2644 335 2686 ex
358 2620 502 2685 navibus
527 2642 604 2684 cum
627 2620 683 2684 Μ’.
708 2620 814 2684 Acilio
838 2628 870 2686 et
889 2622 992 2686 Statio
1014 2623 1132 2687 Murco
1150 2624 1247 2708 lega-

171 2730 224 2809 tis,
241 2749 381 2815 quorum
403 2727 486 2791 alter
508 2727 620 2810 oppidi
644 2727 760 2805 muris,
780 2727 861 2791 alter
885 2728 1061 2810 praesidiis
1080 2731 1246 2795 terrestri-

171 2843 234 2904 bus
256 2842 419 2922 praeerat,
450 2835 536 2899 velle
560 2856 596 2899 se
625 2837 666 2899 de
690 2835 845 2899 maximis
873 2838 974 2900 rebus
998 2858 1075 2900 cum
1099 2838 1247 2905 Caesare

135 2965 148 3006 7
171 2946 272 3030 loqui,
295 2945 324 3009 si
347 2943 411 3008 sibi
425 2943 569 3008 facultas
587 2945 692 3008 detur.
739 2943 806 3008 huc
825 2945 955 3008 addunt
975 2965 1083 3027 pauca
1099 2945 1147 3010 rei
1164 2968 1247 3012 con-

170 3053 353 3116 firmandae
378 3072 491 3130 causa,
516 3057 551 3116 ut
577 3053 618 3115 de
642 3049 882 3132 compositione
906 3051 1013 3115 acturi
1040 3052 1246 3118 viderentur.

170 3159 303 3223 interim
318 3160 489 3241 postulant
504 3165 541 3222 ut
557 3159 623 3222 sint
638 3158 796 3234 indutiae,
815 3164 915 3241 atque
931 3159 973 3222 ab
992 3158 1035 3222 iis
1052 3159 1246 3242 impetrant.

134 3287 147 3327 s
171 3287 332 3350 magnum
348 3265 448 3343 enim,
468 3266 557 3347 quod
580 3267 776 3344 afferebant,
800 3265 985 3346 videbatur,
1009 3272 1042 3331 et
1064 3266 1246 3334 Caesarem

169 3374 204 3436 id
228 3394 358 3438 summe
381 3372 532 3436 sciebant
550 3394 682 3455 cupere,
699 3379 731 3436 et
753 3372 941 3455 profectum
958 3373 1085 3458 aliquid
1103 3375 1134 3439 V
1135 3376 1245 3441 ibullii

169 3479 337 3544 mandatis
362 3480 624 3547 existimabatur.

135 3610 144 3650 1
258 3588 350 3652 XVI.
375 3587 500 3652 Caesar
523 3609 561 3650 eo
588 3593 738 3670 tempore
761 3609 838 3652 cum
861 3588 992 3672 legione
1016 3611 1084 3653 una
1110 3592 1246 3673 prolec-

169 3701 223 3759 tus
248 3697 291 3758 ad
313 3683 522 3778 recipiendas
541 3693 712 3758 ulteriores
736 3694 889 3760 civitates
912 3701 945 3759 et
967 3717 1036 3759 rem
1056 3696 1246 3762 frumenta-

168 3800 252 3864 riam
277 3801 527 3884 expediendam,
552 3821 617 3884 qua
640 3807 782 3884 anguste
806 3803 971 3882 utebatur,
997 3809 1067 3866 erat
1099 3806 1142 3867 ad
1173 3805 1247 3870 Bu·
