2768 4200
179 213 230 269 128
541 214 592 270 DIl
612 212 736 271 BELLO
756 211 876 269 CIVILI

144 393 154 436 1
267 376 373 442 XCII.
397 377 487 441 Inter
511 376 594 441 duas
618 374 706 440 acies
730 379 860 440 tanturn
876 378 946 440 erat
964 373 1116 440 relictum
1132 373 1245 459 spatii,

179 489 215 550 ut
238 485 319 550 satis
343 489 431 549 esset
455 485 498 549 ad
529 504 727 548 concursum
758 482 930 568 utriusque
961 480 1135 547 exercitus,
1183 482 1245 548 sed

177 592 355 677 Pompeius
378 591 448 656 suis
469 590 686 676 praedixerat,
710 596 745 656 ut
761 590 915 657 Caesaris
933 590 1092 674 impetum
1109 588 1244 675 excipe·

177 707 248 766 rent
270 722 376 786 neque
400 722 436 765 se
458 700 530 764 loco
550 703 720 764 moverent
740 698 912 784 aciemque
932 696 1004 763 eius
1022 697 1165 764 distrahi
1183 719 1243 783 pa·

141 814 343 876 Qterentur:
368 809 468 894 idque
499 807 670 872 admonitu
700 807 737 872 O.
769 806 889 872 Triarii
918 807 1038 873 secisse
1064 806 1245 873 videbatur

177 925 213 984 ut
228 918 354 1003 primus
374 938 535 983 excursus
550 915 669 1001 visque
682 915 823 982 militum
839 914 1075 1000 infringeretur
1087 913 1245 1000 aciesque

176 1025 428 1105 distenderetur,
445 1031 544 1110 atque
568 1023 602 1087 in
623 1023 693 1088 suis
714 1024 884 1089 ordinibus
903 1022 1054 1108 dispositi
1072 1022 1244 1108 dispersos

175 1133 395 1211 adorirentur;
409 1131 578 1215 leuesque
598 1152 717 1196 casura
735 1131 803 1216 pila
818 1133 974 1216 sperabat
991 1129 1026 1194 in
1042 1130 1115 1195 loco
1130 1136 1244 1198 reten-

175 1242 217 1306 tis
241 1241 410 1316 militibus
438 1261 539 1325 quam
563 1239 591 1304 si
614 1238 679 1322 ipsi
711 1238 871 1304 immissis
899 1239 973 1305 telis
1004 1238 1243 1320 occurrissent;

174 1348 273 1412 simul
296 1347 375 1427 sore,
398 1353 434 1412 ut
454 1345 622 1429 duplicato
642 1366 740 1410 cursu
760 1345 914 1412 Caesaris
929 1345 1049 1411 milites
1067 1345 1242 1413 exanima-

139 1481 152 1524 3
174 1459 286 1519 rentur
305 1460 337 1519 et
358 1453 555 1518 lassitudine
579 1453 826 1519 conficerentur.
875 1455 963 1539 quod
983 1452 1078 1518 nobis
1105 1453 1241 1538 quidem

173 1561 265 1626 nulla
287 1559 413 1625 ratione
438 1560 563 1625 factum
584 1581 603 1625 a
621 1561 780 1646 Pompeio
800 1560 930 1627 videtur
949 1567 1133 1647 propterea,
1150 1562 1242 1648 quod

174 1673 224 1734 est
247 1669 412 1754 quaedam
437 1666 539 1732 animi
561 1667 710 1732 incitatio
734 1674 833 1754 atque
862 1669 1018 1735 alacritas
1046 1669 1241 1735 naturaliter

172 1777 286 1843 innata
309 1776 473 1857 omnibuS,
504 1796 590 1860 quae
621 1775 731 1840 studio
750 1797 884 1861 pugnae
907 1776 1104 1843 incenditur.
1150 1778 1240 1845 hanc

173 1906 238 1949 non
261 1884 449 1969 reprimere,
474 1884 533 1948 sed
560 1904 682 1968 augere
711 1883 926 1968 imperatores
957 1886 1095 1967 debent3
1129 1907 1237 1972 neque

171 1994 294 2058 frustra
318 1991 498 2076 antiquitus
517 1991 705 2057 institutum
729 1996 787 2067 est,
811 2000 847 2059 ut
871 1991 969 2077 signa
993 1993 1139 2079 undique
1157 2015 1240 2059 con-

170 2100 318 2166 cinerent
341 2098 763 2183 clamoremqueuniversi
796 2100 964 2179 tollerent;
988 2099 1109 2186 quibus
1139 2103 1240 2169 rebus

175 2213 206 2273 et
229 2207 342 2272 hostes
366 2205 481 2271 terreri
505 2211 537 2271 et
560 2227 638 2271 suos
661 2205 792 2273 incitari
814 2207 1096 2275 existimaverunt.

138 2343 148 2385 1
268 2312 389 2378 XCIII.
425 2313 491 2377 Sed
514 2312 618 2380 nostri
640 2313 760 2380 milites
784 2316 860 2382 dato
883 2315 979 2402 signo
1002 2338 1078 2382 cum
1108 2315 1239 2382 infestis

171 2424 246 2509 pilis
258 2422 543 2508 procucurrissent
554 2428 653 2507 atque
670 2422 817 2490 animum
833 2425 1058 2491 advertissent
1070 2446 1137 2490 non
1155 2445 1236 2491 oon-

172 2531 262 2598 curri
285 2553 305 2596 a
328 2530 549 2616 Pompeianis,
580 2552 642 2596 usu
672 2531 768 2617 periti
792 2553 831 2599 ac
855 2531 1078 2618 superioribus
1109 2533 1235 2614 pugnis

172 2638 343 2706 exercitati
359 2659 419 2703 sua
435 2644 553 2722 sponte
572 2660 706 2705 cursum
724 2644 952 2726 represserunt
972 2641 1005 2702 et
1023 2638 1067 2717 ad
1085 2637 1232 2702 medium

172 2748 240 2813 fere
264 2746 407 2832 spatium
428 2745 654 2827 constiterunt,
678 2770 719 2813 ne
742 2745 946 2831 consumptis
964 2743 1092 2810 viribus
1111 2764 1232 2829 appro-

171 2854 379 2941 pinquarent,
403 2875 573 2938 parvoque
591 2853 779 2923 intermisso
798 2854 954 2941 temporis
972 2851 1082 2939 spatio
1101 2873 1141 2918 ac
1159 2874 1233 2921 rur-

170 2982 226 3026 sus
249 2968 406 3027 renovato
441 2982 537 3026 curso
569 2962 636 3046 pila
668 2962 829 3031 miserunt
852 2962 1076 3048 celeriterque,
1105 2966 1142 3027 ut
1164 2968 1236 3029 erat

134 3097 147 3138 ι)
171 3075 384 3154 praeceptum
408 3092 428 3135 a
447 3069 599 3152 Caesare,
617 3073 747 3157 gladios
769 3073 978 3143 strinxerunt.
1026 3093 1134 3158 neque
1157 3094 1234 3137 vero

170 3176 364 3260 Pompeiani
386 3177 465 3242 huic
495 3177 543 3242 rei
575 3179 760 3244 defuerunt.
807 3200 885 3244 nam
909 3184 942 3245 et
965 3179 1030 3245 tela
1054 3178 1155 3244 missa
1179 3202 1236 3245 ex-

170 3289 330 3368 ceperunt
353 3289 384 3350 et
407 3284 566 3369 impetum
590 3285 756 3370 legionum
781 3285 928 3352 tulerunt
951 3291 983 3352 et
1005 3285 1137 3352 ordines
1156 3308 1235 3353 suos

134 3423 146 3464 3
170 3397 411 3458 conservarunt
422 3393 562 3479 pilisque
575 3391 685 3459 missis
699 3394 742 3457 ad
760 3392 889 3478 gladios
905 3393 1083 3461 redierunt.
1118 3396 1235 3461 eodem

170 3506 318 3583 tempore
342 3500 468 3584 equites
492 3503 534 3566 ab
558 3500 690 3566 sinistro
719 3500 858 3585 Pompei
882 3523 995 3584 cornu,
1018 3505 1148 3592 uterat
1170 3498 1234 3564 im-

170 3614 332 3691 peratum,
365 3608 513 3674 universi
535 3614 822 3694 procucurrerunt,
853 3609 1026 3695 omnisque
1056 3605 1234 3672 multitudo

170 3716 418 3801 sagittariorum
443 3740 478 3783 se
493 3717 659 3803 proludit:
676 3739 816 3803 quorum
833 3716 995 3802 impetum
1014 3719 1124 3782 noster
1140 3715 1234 3800 equi-

170 3828 258 3890 tatus
284 3846 349 3890 non
374 3826 457 3907 tulit,
481 3827 538 3890 sed
561 3826 722 3910 paulatim
746 3827 817 3893 loco
834 3832 942 3893 motus
958 3824 1073 3894 cessit:
1090 3822 1235 3911 equites-
