2768 4200
222 207 260 260 ab
589 205 640 258 Du
661 203 786 260 BELLO
807 203 927 259 CII'ILI

226 367 332 430 tiones
355 365 531 430 convenire
554 365 750 448 coepissent,
774 365 962 430 nuntiatum
994 372 1044 430 est
1076 367 1194 431 adesse
1225 365 1298 429 Sci-

227 473 357 556 pionem
377 493 454 535 cum
469 471 656 554 legionibus
668 493 793 556 magna
808 472 962 556 opinione
976 479 1009 536 et
1024 474 1116 537 sama
1130 472 1297 550 omnium;

188 603 204 643 o
227 602 304 644 nam
327 580 522 663 plerumque
537 579 572 643 in
587 580 735 645 novitate
757 581 848 644 lama
865 579 1042 644 antecedit.
1081 579 1136 644 hic
1153 579 1244 643 nullo
1264 579 1297 643 in

226 690 297 752 loco
309 687 526 752 Macedoniae
542 692 690 752 moratus
706 709 830 772 magno
844 688 972 771 impetu
990 688 1160 753 contendit
1174 689 1218 752 ad
1230 688 1298 753 Do-

226 796 356 862 mitium
376 802 417 876 et,
438 818 514 860 cum
531 796 573 859 ab
593 817 630 859 eo
648 795 740 860 milia
756 816 919 879 passuum
936 794 1004 858 XX
1024 794 1172 874 afuisset,
1189 795 1306 860 subito

189 924 203 963 a
227 924 262 966 se
286 903 329 967 ad
349 901 505 966 Cassium
532 900 720 985 Longinum
744 901 779 964 in
802 899 1011 965 Thessaliam
1034 899 1208 965 convertit.
1233 900 1297 964 hoc

227 1011 310 1073 adeo
334 1008 484 1072 celeriter
518 1008 607 1087 fecit,
631 1015 668 1072 ut
691 1008 792 1072 simul
827 1009 945 1072 adesse
969 1013 1002 1072 et
1024 1007 1140 1072 venire
1163 1008 1299 1072 nuntia-

225 1124 325 1182 retur.
372 1122 404 1181 et
428 1138 492 1199 quo
515 1117 577 1181 iter
600 1115 785 1199 expeditius
816 1117 949 1193 laceret,
973 1115 1019 1180 M.
1043 1115 1230 1180 Favonium
1256 1116 1299 1178 ad

225 1224 348 1287 tlumen
372 1222 614 1295 Aliacmonem
638 1223 727 1305 quod
750 1222 985 1286 MacedonIam
1008 1243 1028 1285 a
1051 1221 1227 1285 Thessalia
1247 1221 1299 1285 di-

224 1330 319 1403 vidit,
343 1351 420 1393 curn
444 1327 636 1392 cohortibus
658 1328 741 1391 VIII
775 1327 943 1410 praesidio
978 1328 1226 1412 irnpedimentis
1250 1328 1298 1391 le-

191 1459 203 1498 4
226 1435 363 1520 glanum
386 1434 520 1518 reliquit
549 1434 788 1519 castellumque
811 1435 858 1499 ibi
880 1435 1003 1499 muniri
1026 1435 1132 1499 iussit.
1180 1436 1299 1499 eodem

225 1547 371 1625 tempore
396 1542 561 1624 equitatus
586 1542 674 1626 regis
706 1541 823 1628 Cotyis
848 1544 892 1607 ad
915 1550 1026 1608 castra
1053 1543 1163 1608 Cassii
1191 1544 1299 1608 advo·
1332 1560 1335 1565 ’

190 1646 316 1724 elavit,
340 1646 398 1729 qui
433 1645 558 1710 circum
582 1645 793 1711 Thessaliam
825 1668 898 1711 esse
924 1653 1110 1712 consuerat.
1157 1653 1227 1710 turn
1258 1646 1301 1712 ti-

226 1776 316 1819 more
339 1753 532 1838 perterritus
560 1753 697 1818 Cassius
730 1754 861 1838 cognito
886 1753 1050 1837 Scipionis
1073 1734 1221 1819 adventu
1245 1754 1299 1818 vi-

227 1862 339 1947 sisque
375 1860 554 1946 equitibuS,
591 1881 674 1944 quos
709 1859 874 1944 Scipionis
901 1880 973 1924 esse
997 1860 1231 1942 arbitrabatur,
1256 1863 1301 1926 ad

228 1976 357 2034 montes
382 1991 417 2033 se
442 1967 614 2048 convertit,
638 1967 694 2051 qui
718 1966 927 2032 Thessaliam
951 1966 1101 2051 cingunt,
1125 1975 1225 2052 atque
1259 1991 1300 2033 ex

190 2101 205 2142 e
227 2077 281 2140 his
303 2076 387 2140 locis
409 2074 625 2140 Ambraciam
648 2094 768 2138 versus
790 2074 853 2138 iter
875 2075 986 2139 lacere
1005 2075 1124 2159 coepit.
1171 2082 1206 2140 at
1225 2076 1299 2141 Sci-

226 2185 358 2267 pionem
381 2188 613 2267 properantem
633 2181 728 2266 sequi
750 2182 880 2247 litterae
896 2189 974 2247 sunt
993 2188 1190 2247 consecutae
1213 2205 1235 2247 a
1252 2183 1299 2248 M.

227 2292 384 2371 Favonio,
420 2289 602 2354 Domitium
637 2311 714 2354 cum
750 2290 939 2374 legionibus
970 2292 1088 2356 adesse
1122 2312 1231 2376 neque
1264 2312 1300 2357 se

227 2397 442 2480 praesidium,
467 2396 524 2459 ubi
548 2398 747 2460 constItutus
770 2403 867 2475 esset,
891 2397 962 2462 sine
990 2397 1112 2462 auxilio
1136 2397 1300 2481 Scipionis

188 2525 204 2566 r
228 2512 340 2569 tenere
363 2523 470 2585 posse.
519 2501 639 2584 quibus
662 2502 781 2568 litteris
805 2502 952 2586 acceptis
984 2503 1161 2567 consilium
1188 2503 1300 2587 Scipio

227 2611 354 2694 iterque
370 2613 568 2673 commutat:
587 2607 741 2672 Cassium
761 2609 856 2694 sequi
876 2609 1014 2688 desistit,
1033 2610 1181 2674 Favonio
1205 2610 1301 2674 auxi-

190 2719 307 2782 slium
332 2717 418 2781 serre
454 2715 632 2784 contendit.
684 2715 796 2800 itaque
826 2717 880 2782 die
905 2739 946 2781 ac
981 2724 1077 2782 nocte
1106 2717 1299 2782 continuato

227 2825 344 2889 itinere
360 2823 403 2886 ad
422 2843 498 2886 eum
517 2821 669 2904 pervenit
684 2828 753 2886 tam
770 2830 955 2907 opportuno
974 2830 1134 2908 tempore,
1151 2829 1188 2888 ut
1201 2824 1301 2889 simul

226 2922 408 2993 Domitiani
432 2927 596 2992 exercitus
620 2928 732 3011 pulvis
757 2935 945 2994 cerneretur
969 2937 1002 2994 et
1024 2930 1123 3014 primi
1143 2937 1300 2996 antecur-

225 3058 317 3101 sores
340 3036 507 3119 Scipionis
522 3036 724 3101 viderentur.
770 3037 818 3100 ita
837 3035 953 3100 Cassio
971 3036 1133 3101 industria
1152 3037 1301 3119 Domitii,

225 3142 376 3208 Favonio
400 3143 565 3227 Scipionis
590 3144 742 3209 celeritas
766 3145 908 3208 salutem
931 3144 1051 3208 attufit.

190 3273 199 3312 r
315 3251 490 3316 XXXVII.
515 3250 626 3334 Scipio
650 3251 790 3316 biduum
806 3250 840 3314 in
866 3250 985 3315 castris
1002 3249 1134 3316 stativis
1149 3259 1299 3318 moratus

226 3358 270 3421 ad
292 3359 426 3436 flumen,
451 3359 541 3442 quod
573 3358 661 3422 inter
688 3379 764 3422 eum
795 3363 828 3422 et
857 3357 994 3422 Domitii
1026 3365 1137 3423 castra
1164 3360 1301 3442 fluebat,
1361 3348 1365 3354 ’

226 3464 467 3543 Aliacmonem,
483 3465 578 3527 tertio
602 3463 656 3527 die
670 3463 778 3546 prima
791 3465 865 3528 luce
882 3465 1063 3529 exercitum
1083 3465 1171 3528 vado
1189 3471 1301 3532 trans-

227 3571 319 3635 ducit
342 3577 373 3635 et
405 3569 523 3634 castris
556 3570 673 3652 positis
703 3575 836 3653 postero
867 3572 921 3636 die
956 3593 1055 3635 mane
1079 3572 1193 3656 copias
1223 3579 1301 3639 ante

188 3701 204 3743 2
226 3680 368 3743 frontem
393 3683 578 3775 castrorum
601 3677 744 3742 instruit.
791 3678 958 3743 Domitius
980 3684 1053 3744 tum
1077 3701 1210 3764 quoque
1237 3681 1301 3746 sibi

225 3785 448 3850 dubitandum
467 3806 531 3849 non
554 3784 694 3867 putavit,
710 3784 790 3869 quin
807 3785 976 3868 productis
999 3786 1186 3870 legionibus
1202 3810 1302 3873 proe-
