2768 4200
351 207 470 275 celtu.
490 210 542 278 ΙΙΙ,
562 208 646 278 dne.
665 206 979 276 exitum-LXXX.
1153 203 1203 272 121

139 375 245 463 spatio
268 380 467 444 antecedens
489 379 635 446 hostiurn
658 380 816 447 beneficio
836 379 1020 466 periculum
1036 378 1156 446 vitavit
1172 384 1204 443 et

139 485 182 548 ad
204 484 393 571 Aeginium,
417 489 506 572 quod
528 494 578 553 est
602 487 767 554 obiectum
791 488 1043 574 oppositumque
1060 488 1205 554 Thessa*

138 590 213 672 liae,
237 592 376 659 Caesari
397 595 544 661 venienti
561 597 712 662 occurrit.

227 701 365 768 LXXX.
390 703 574 770 Coniuncto
592 704 740 770 exercitu
756 704 881 770 Caesar
898 701 1071 787 Gomphos
1087 725 1205 788 perve-
1231 721 1239 763 1

139 809 198 890 nit,
222 813 310 896 quod
333 818 383 878 est
413 814 571 899 oppidum
599 813 744 899 primum
774 813 966 880 Thessaliae
995 812 1205 877 venientibus

139 920 182 985 ab
206 919 324 1006 Epir03
341 943 427 1007 quae
446 943 528 1008 gens
546 923 662 1009 paucis
681 929 758 989 ante
774 922 942 989 mensibus
959 923 1044 987 ultro
1060 923 1104 987 ad
1120 921 1205 987 Cae-

138 1047 247 1094 sarem
269 1030 397 1115 legatos
422 1031 565 1110 miserat,
589 1036 626 1096 ut
648 1029 717 1096 suis
733 1029 887 1095 omnibus
904 1027 1117 1094 facultatibus
1133 1033 1205 1093 ute-

138 1143 239 1219 retur,
254 1139 523 1225 praesidiumque
536 1141 577 1204 ab
591 1161 629 1206 eo
645 1139 786 1206 militum
800 1138 948 1224 petierat.
984 1140 1043 1204 sed
1061 1159 1099 1203 eo
1114 1138 1204 1203 fama
1227 1154 1239 1194 2

138 1246 205 1312 iarn
228 1254 509 1332 praecucurrerat,
542 1269 642 1334 quam
672 1269 772 1334 supra
805 1247 987 1328 docuimus,
1017 1249 1059 1312 de
1082 1245 1204 1331 proelio

138 1354 358 1442 Dyrrachino,
382 1358 469 1441 quod
492 1356 605 1423 multis
629 1363 766 1422 auxerat
792 1357 954 1441 partibus.
1000 1354 1111 1439 itaque
1133 1353 1203 1418 hn—
1227 1369 1239 1410 3

138 1464 332 1530 drosthenes
354 1471 485 1550 praetor
508 1465 699 1531 Thessaliae
726 1486 802 1530 eum
826 1486 862 1530 se
884 1461 1043 1530 victoriae
1065 1461 1204 1546 Pompei

138 1572 291 1638 comitem
315 1594 386 1639 esse
409 1574 522 1641 mallet
541 1596 639 1660 quam
660 1574 786 1639 socium
806 1571 961 1638 Caesaris
976 1571 1011 1635 in
1026 1573 1126 1637 rebus
1143 1572 1203 1635 ad-

138 1679 255 1762 versis,
278 1701 409 1746 onmem
434 1703 474 1746 ex
497 1681 588 1767 agris
609 1682 853 1748 multitudinem
873 1700 1046 1745 servorum
1062 1700 1102 1744 ac
1120 1677 1203 1744 libe-

138 1806 249 1851 rorum
272 1786 306 1852 in
331 1788 490 1873 oppidum
504 1789 594 1874 cogit
616 1796 794 1874 portasque
816 1787 1002 1873 praecludit
1021 1792 1053 1851 et
1071 1786 1114 1851 ad
1130 1786 1203 1851 Sci-

137 1893 268 1979 pionem
302 1896 563 1982 Pompeiumque
590 1899 722 1963 nuntios
754 1896 863 1977 mittit,
892 1902 929 1962 ut
958 1895 1022 1961 sibi
1056 1893 1203 1960 subsidio

138 2000 290 2067 veniant:
321 2023 357 2067 se
386 2004 549 2069 confidere
579 2004 817 2070 munitionibus
849 2002 972 2087 oppidi,
1000 2002 1027 2066 si
1058 2001 1205 2066 celeriter

138 2111 364 2187 succurratur3
387 2107 604 2192 longinquam
637 2110 916 2195 oppugnationem
945 2109 1105 2175 sustinere
1138 2130 1204 2172 non

137 2233 244 2298 posse.
290 2213 400 2298 Scipio
423 2215 575 2281 discessu
598 2217 800 2283 exercituum
824 2239 844 2282 a
867 2217 1053 2305 Dyrrachio
1071 2217 1202 2301 cognito
1226 2247 1238 2287 4

137 2321 289 2386 Larisam
312 2320 460 2406 legiones
482 2324 683 2404 adduxerat3
714 2326 893 2411 Pompeius
924 2329 1072 2392 nondum
1096 2326 1201 2391 Thes-

139 2429 241 2495 saliae
275 2430 573 2517 appropinquabat.
624 2432 749 2499 Caesar
779 2434 896 2500 castris
931 2434 1067 2499 munitis
1094 2435 1202 2499 scalas

138 2538 374 2623 musculosque
415 2541 458 2604 ad
496 2539 702 2624 repentinam
742 2541 1021 2627 oppugnationem
1062 2541 1132 2606 sieri
1171 2549 1203 2606 et

138 2652 245 2713 crates
276 2647 387 2731 parari
420 2647 526 2714 iussit.
573 2649 695 2734 quibus
724 2652 824 2715 rebus
854 2649 981 2715 effectis
1011 2650 1237 2715 cohortatusr

137 2753 259 2819 milites
282 2755 404 2836 docuit,
427 2762 588 2841 quantum
612 2779 708 2824 usum
732 2758 871 2824 haberet
893 2757 935 2821 ad
959 2756 1199 2821 sublevandam

137 2862 281 2927 omnium
322 2884 432 2928 rerum
475 2863 621 2949 inopiam
661 2865 758 2950 potiri
800 2864 922 2948 oppido
962 2862 1059 2947 pleno
1103 2868 1201 2946 atque

136 2970 301 3056 opulento,
331 2970 431 3036 simul
465 2972 602 3056 reliquis
634 2971 824 3037 civitatibus
852 2969 951 3034 huius
975 2969 1067 3035 urbis
1095 2991 1203 3035 exem·

135 3077 188 3161 plo
223 3077 344 3143 inferre
382 3084 538 3143 terrorem
577 3085 609 3144 et
643 3079 677 3144 id
713 3078 783 3144 fieri
818 3077 975 3154 celeriter,
1008 3076 1200 3161 priusquam

134 3183 257 3249 auxilia
290 3190 544 3266 concurrerent,
582 3184 693 3270 itaque
738 3205 819 3249 usus
857 3184 1018 3268 singulari
1059 3184 1201 3250 militum

135 3291 244 3357 studio
273 3294 399 3372 eodem,
427 3313 492 3377 quo
514 3298 660 3374 venerat,
684 3291 736 3356 die
759 3298 834 3377 post
856 3292 972 3356 horam
995 3313 1118 3356 nonam
1142 3313 1201 3377 cp·
1225 3329 1238 3370 0

134 3397 252 3482 pidum
285 3400 454 3465 altissimis
488 3400 663 3466 moenibus
692 3421 886 3485 oppugnare
920 3421 1101 3486 aggressus
1126 3407 1201 3465 ante

134 3506 214 3572 solis
249 3529 405 3573 occasum
434 3508 637 3592 expugnavit
663 3514 695 3574 et
723 3509 766 3572 ad
789 3508 1011 3593 diripiendum
1042 3508 1201 3575 militibus

134 3615 298 3681 concessit
324 3613 502 3699 statimque
526 3616 568 3679 ab
592 3615 713 3700 oppido
740 3622 850 3682 castra
880 3616 986 3682 movit
1017 3624 1049 3683 et
1077 3617 1200 3683 Metro-

133 3719 235 3804 polim
258 3719 349 3785 venit
373 3720 431 3800 sio,
454 3724 491 3784 ut
510 3720 644 3786 nuntios
666 3721 845 3805 expugnati
871 3721 984 3808 oppidi
1007 3723 1199 3808 famamque

133 3829 351 3895 antecederet.
