2768 4200
171 213 223 272 130
531 210 582 271 Dld
604 214 729 272 BELLO
749 212 872 272 tJIVILI

169 376 317 458 dixisset,
350 396 384 440 se
418 375 453 442 in
487 376 687 461 praetorium
723 377 861 444 contulit
892 398 1043 444 summae
1077 379 1125 445 rei
1149 378 1237 448 diffi-

169 486 251 550 dens
276 487 308 548 et
331 487 443 547 tamen
467 488 625 549 eventum
652 489 843 568 expectans.

134 607 145 649 1
257 591 361 658 XCV.
404 590 528 657 Caesar
555 591 765 676 Pompeianis
801 615 841 658 ex
873 593 955 677 suga
988 591 1076 661 intra
1110 595 1237 664 vallum

170 699 350 785 compulsis
365 700 494 766 nullum
514 700 657 784 spatium
677 700 858 784 perterritis
872 701 943 764 dari
958 707 1106 786 oportere
1119 703 1234 770 existi-

169 829 265 874 mans
284 808 405 874 milites
426 808 616 873 cohortatus
634 812 736 872 estut
756 806 915 873 beneficio
936 807 1087 875 fortunae
1105 816 1235 876 uteren-

171 923 223 983 tur
246 922 420 1001 eastraque
437 921 679 1002 oppugnarent.
727 915 794 999 qui,
818 915 881 980 etsi
895 936 1017 1001 magno
1033 922 1128 982 aestu
1145 917 1237 1004 (nam

170 1028 214 1092 ad
237 1025 407 1092 meridiem
429 1048 484 1092 res
508 1031 578 1091 erat
600 1024 771 1111 perducta)
796 1029 908 1090 tamen
929 1025 972 1088 ad
996 1044 1128 1090 omnem
1143 1025 1237 1091 labo-

133 1147 146 1189 ‘2
169 1155 239 1199 rem
263 1132 372 1198 animo
395 1133 503 1217 parati
525 1133 664 1219 imperio
680 1138 870 1218 paruerunt.
919 1138 1029 1199 castra
1053 1154 1072 1198 a
1095 1133 1239 1199 cohorti-

168 1243 242 1323 bus,
267 1262 352 1326 quae
374 1240 421 1306 ibi
444 1240 610 1326 pracsidio
635 1246 728 1307 erant
751 1241 895 1322 relictae,
927 1240 1090 1307 industrie
1120 1242 1239 1307 defen-

170 1350 343 1424 debantur,
371 1347 475 1414 multo
499 1348 599 1413 etiam
623 1349 733 1414 aerius
759 1369 779 1413 a
802 1347 988 1413 Thracibus
1018 1348 1238 1434 barbarisque

133 1468 146 1514 3
169 1456 310 1523 auxiliis
358 1455 516 1540 namqui
539 1478 579 1520 ex
602 1455 673 1522 acie
706 1456 900 1540 refugerant
924 1455 1047 1522 milites
1070 1460 1103 1521 et
1126 1457 1237 1522 animo

170 1561 332 1649 perterriti
355 1567 388 1628 et
417 1561 613 1628 lassitudine
647 1561 799 1643 conlecti,
823 1561 934 1626 missis
958 1561 1105 1647 plerique
1136 1563 1238 1628 armis

170 1670 341 1757 signisque
365 1670 564 1736 militaribus
598 1671 705 1755 magis
729 1673 769 1736 de
793 1670 921 1755 reliqua
951 1671 1031 1756 suga
1061 1690 1160 1755 quam
1195 1671 1237 1735 de

134 1792 147 1836 4
172 1785 357 1846 castrorum
386 1778 578 1844 defensione
611 1778 813 1860 cogitabant.
859 1798 967 1859 neque
989 1798 1074 1842 ¹vero
1105 1776 1238 1858 diutius,

172 1887 228 1973 qui
248 1887 283 1953 in
301 1887 390 1952 vallo
403 1885 628 1965 constiterant,
648 1882 894 1948 multitudinem
914 1881 1053 1948 telorum
1073 1884 1238 1951 sustinere

171 1998 358 2077 potuerunt,
371 1994 430 2058 sed
446 1989 590 2058 consecti
603 1988 798 2054 vulneribus
813 1988 923 2052 locum
937 1985 1151 2072 reliquerunt,
1163 2012 1240 2073 pro·

172 2099 328 2183 tinusque
353 2122 466 2165 omnes
498 2098 638 2164 ducibus
669 2097 722 2163 usi
752 2095 1000 2163 centurionibus
1032 2096 1242 2185 tribunisque

172 2208 314 2274 rnilitum
337 2208 373 2273 in
397 2209 574 2274 altissimos
592 2214 729 2289 montes
753 2207 809 2293 qui
829 2208 872 2272 ad
892 2212 1003 2273 castra
1017 2208 1239 2292 pertinebant,

174 2315 407 2400 confugerunt.

139 2437 148 2480 1
261 2423 382 2490 XCVI.
416 2423 456 2489 Iu
491 2423 609 2490 castris
640 2421 780 2508 Pompei
816 2422 930 2489 videre
962 2421 1055 2492 licuit
1089 2423 1240 2492 trichilas

173 2537 327 2613 structas,
351 2552 511 2616 magnum
535 2531 662 2616 argenti
686 2532 817 2616 pondus
842 2532 1036 2616 expositum,
1051 2533 1238 2598 recentibus

174 2639 374 2723 caespitibus
397 2638 613 2723 tabernacula
629 2643 807 2718 constrata,
827 2639 922 2705 Lucii
941 2639 1039 2705 etiam
1057 2637 1189 2703 Lentuli
1205 2643 1238 2703 et

173 2746 406 2811 nonnullorum
418 2744 634 2811 tabernacula
649 2749 799 2828 protecta
814 2745 937 2812 hedera
956 2747 1124 2832 multaque
1134 2766 1238 2830 *prae*

174 2860 272 2934 terea,
296 2876 381 2940 quae
405 2853 543 2920 nimiam
575 2852 742 2918 luxuriam
765 2857 798 2918 et
821 2853 979 2920 victoriae
1002 2852 1157 2920 fiduciam
1181 2853 1240 2917 de-

175 2960 359 3045 signarent:
383 2968 419 3026 ut
435 2960 533 3026 facile
549 2959 732 3026 existimari
751 2966 868 3044 posset
885 2961 969 3026 nihil
988 2983 1044 3026 eos
1061 2962 1102 3024 de
1122 2964 1243 3025 eventu

175 3069 245 3135 eius
270 3069 335 3134 diei
358 3068 517 3150 timuisse,
542 3069 597 3154 qui
618 3091 684 3134 non
704 3068 912 3134 necessarias
932 3066 1164 3150 conquirerent
1182 3089 1244 3133 vo-

140 3191 152 3233 2
173 3177 328 3263 luptates.
372 3184 406 3244 at
420 3176 457 3242 hi
473 3177 659 3243 miserrimo
679 3197 719 3240 ac
736 3173 978 3259 patientissimo
995 3173 1140 3239 exercitu
1157 3174 1243 3241 Cae-

176 3284 259 3348 saris
281 3282 447 3349 luxuriem
471 3284 671 3365 obiciebant,
693 3281 747 3348 cui
770 3300 902 3365 semper
926 3279 1037 3346 omnia
1060 3283 1103 3346 ad
1127 3303 1244 3348 neces-

141 3406 154 3448 3
176 3390 301 3455 sarium
315 3412 413 3456 usum
426 3390 618 3456 doluissent.
650 3388 839 3473 Pompeius,
850 3388 919 3454 iam
932 3409 1008 3454 cum
1018 3388 1106 3456 intra
1117 3390 1244 3455 vallum

177 3498 281 3562 nostri
313 3504 534 3579 versarentur,
564 3519 686 3584 equum
720 3502 838 3562 nactus
868 3496 1026 3562 detractis
1056 3495 1243 3580 insignibus

176 3604 396 3690 imperatoriis
408 3606 594 3671 decumana
606 3611 702 3691 porta
720 3625 756 3670 se
772 3627 811 3670 ex
830 3605 947 3671 castris
967 3605 1063 3672 eiecit
1076 3599 1245 3688 protinus-

143 3746 156 3787 4
179 3737 242 3800 que
265 3735 350 3798 equo
373 3699 473 3781 citato
497 3715 648 3781 Larisam
665 3713 844 3780 contendit.
891 3735 1001 3800 neque
1022 3708 1074 3776 ibi
1088 3705 1245 3788 constitit,

179 3823 235 3887 sed
261 3822 379 3887 eadem
403 3823 569 3889 celeritate
592 3843 716 3908 paucos
746 3843 824 3888 suos
848 3844 888 3888 ex
913 3823 994 3907 suga
1017 3821 1135 3883 nactus
1163 3834 1245 3880 noc-
