2768 4200
353 235 473 292 COMM.
493 237 546 290 III.
569 235 652 296 CAP.
672 235 949 290 XXIV—XXVIII.
1152 235 1186 290 91

119 397 270 462 missiore
294 405 394 463 vento
418 397 728 482 appropinquasset,
755 399 844 462 idem
869 405 981 463 auster
1007 398 1189 463 increbruit

119 505 308 589 nostrisque
330 505 496 588 praesidio
515 504 588 571 fuit.
634 526 742 589 neque
765 527 845 570 vero
867 505 923 570 ille
947 508 990 571 ob
1013 527 1088 571 eam
1107 526 1188 569 cau·
1212 522 1226 563 3

114 633 190 676 sam
210 619 330 678 conatu
347 612 536 696 desistebat,
557 613 617 675 sed
639 611 753 676 labore
776 617 809 676 et
830 611 1077 694 perseverantia
1103 633 1187 675 nau-

115 725 228 782 tarum
251 719 321 783 vim
344 717 552 802 tempestatis
575 718 724 801 superari
742 739 839 801 posse
862 720 1018 802 sperabat
1039 724 1188 802 praeter-

121 832 301 909 vectosque
336 825 558 912 Dyrrachium
594 847 718 910 magna
753 827 788 890 vi
825 827 916 890 venti
949 826 1051 890 nihilo
1086 825 1188 890 setius

123 935 334 1016 sequebatur.
380 932 483 997 nostri
514 932 566 996 usi
589 932 742 997 fortunae
765 932 923 997 beneficio
947 938 1059 1008 tamen
1081 932 1188 1016 impe·
1211 947 1224 989 4

120 1047 189 1104 tum
215 1040 331 1104 classis
354 1038 524 1120 timebant,
541 1038 570 1103 si
585 1039 669 1103 forte
684 1046 804 1104 ventus
823 1039 1022 1118 remisisset3
1047 1043 1081 1104 et
1100 1039 1189 1104 nacti

116 1152 258 1231 portum,
283 1147 339 1230 qui
362 1145 549 1229 appellatur
572 1146 816 1231 Nymphaeum,
840 1146 926 1210 ultra
948 1146 1082 1211 Lissum
1098 1146 1189 1211 milia

116 1274 277 1336 passuum
305 1253 366 1332 III,
398 1274 436 1316 eo
468 1273 572 1317 naves
602 1253 855 1317 introduxerunt
889 1252 967 1341 (qui
999 1258 1114 1336 portus
1145 1256 1188 1319 ab

116 1360 231 1424 Africo
263 1362 446 1444 tegebatur,
480 1360 522 1424 ab
554 1365 666 1424 austro
695 1380 761 1423 non
785 1365 856 1424 erat
878 1363 982 1440 tutus)
1014 1358 1189 1444 leviusque

114 1468 322 1551 tempestatis
342 1488 443 1552 quam
463 1466 580 1531 elassis
595 1466 780 1550 periculum
804 1467 1076 1532 aestimaverunt.
1124 1490 1188 1553 quo
1212 1483 1225 1524 5

113 1575 217 1639 simul
240 1582 340 1658 atque
362 1574 449 1638 intro
481 1580 532 1640 est
554 1574 649 1653 itum,
673 1573 861 1638 incredibili
885 1573 1043 1639 felicitate
1066 1582 1188 1655 auster,

114 1681 173 1766 qui
196 1703 255 1764 per
277 1681 416 1745 biduum
439 1681 588 1760 flaverat,
607 1680 641 1744 in
666 1680 807 1744 alneum
824 1700 859 1744 se
883 1681 992 1750 vertit.

206 1788 348 1852 XXVII.
372 1787 436 1852 Hic
459 1788 606 1852 subitam
630 1787 924 1852 commutationem
959 1788 1112 1852 fortunae
1135 1789 1188 1852 ri·
1214 1802 1223 1841 ¹

112 1897 194 1958 <lere
229 1895 341 1959 licuit:
373 1894 428 1978 qui
461 1896 559 1959 modo
594 1895 658 1959 sibi
684 1894 887 1978 timuerant,
911 1896 973 1958 hos
1003 1894 1190 1960 tutissimus

117 2007 232 2083 portus
266 1999 464 2082 recipiebat3
492 2001 549 2084 qui
571 2000 693 2064 nostris
716 2001 861 2065 navibus
884 2000 1069 2084 periculum
1099 2003 1189 2066 intu-

116 2107 234 2186 lerant,
258 2110 299 2170 de
322 2128 382 2170 suo
405 2107 523 2172 timere
548 2108 771 2191 cogebantur3
795 2109 908 2192 itaque
924 2103 1078 2191 ‘tempore
1097 2130 1189 2174 com·
1213 2120 1226 2160 2

117 2219 243 2278 mutato
266 2219 448 2296 tempestas
471 2221 503 2278 et
526 2220 656 2278 nostros
679 2214 760 2279 texit
783 2220 817 2279 et
838 2236 943 2279 naves
966 2215 1113 2280 Rhodias
1137 2217 1188 2280 af-

116 2319 209 2398 flixit,
234 2316 308 2409 [ita]
333 2325 369 2383 ut
393 2320 437 2383 ad
460 2340 561 2384 unam
578 2340 704 2400 omnes
727 2326 914 2385 constratae
938 2341 1077 2385 numero
1096 2322 1188 2401 XVI,

111 2425 315 2491 eliderentur
331 2433 364 2491 et
379 2426 556 2511 naufragio
575 2427 755 2508 interirent,
772 2434 858 2493 etex
878 2448 1000 2511 magno
1022 2429 1187 2513 remigum

115 2540 466 2618 propugnatorumque
489 2556 627 2598 numero
651 2555 731 2618 pars
762 2536 806 2600 ad
830 2534 987 2618 scopulos
1017 2535 1113 2600 allisa
1134 2536 1188 2599 in-

115 2642 326 2721 terficeretur,
355 2662 433 2724 pars
458 2643 501 2706 ab
536 2642 657 2707 nostris
681 2642 926 2722 detraheretur3
962 2663 1045 2725 quos
1074 2663 1188 2707 omnes

114 2757 330 2814 conservatos
354 2750 479 2815 Caesar
502 2752 639 2814 domum
658 2750 795 2818 remisit.

205 2855 362 2919 XXVIII.
380 2857 520 2921 Nostrae
537 2878 641 2921 naves
659 2859 745 2920 duae
768 2857 895 2921 tardius
912 2879 1012 2921 cursu
1036 2858 1187 2922 confecto
1213 2875 1224 2915 1

116 2959 150 3021 in
173 2966 303 3025 noctem
326 2964 497 3029 coniectae
520 2985 596 3027 cum
620 2963 822 3046 ignorarent,
854 2985 953 3047 quem
980 2963 1090 3028 locum
1114 2965 1189 3028 reli-

113 3087 202 3150 quae
226 3068 401 3151 cepissent,
426 3077 543 3134 contra
573 3071 708 3134 Lissum
738 3070 773 3133 in
806 3071 937 3135 ancoris
962 3073 1188 3138 constiterunt.

114 3174 177 3237 has
194 3174 329 3258 scaphis
347 3176 598 3260 minoribusque
622 3175 765 3259 navigIIs
791 3177 1019 3260 compluribus
1043 3179 1188 3242 submis-
1212 3194 1225 3234 2

111 3282 161 3346 sis
185 3281 349 3347 Otacilius
374 3283 528 3359 Crassus
549 3284 606 3369 qui
630 3283 717 3348 Lissi
736 3291 894 3368 praeerat,
918 3306 1109 3369 expugnare
1127 3307 1188 3369 pa-

113 3393 226 3469 rabat3
247 3391 347 3455 simul
371 3393 411 3456 de
441 3392 607 3456 deditione
631 3413 746 3456 eorum
777 3393 900 3476 agebat
922 3399 954 3457 et
976 3393 1187 3457 incolumita-

111 3508 180 3564 tem
205 3498 325 3563 deditis
349 3498 577 3581 pollicebatur.
625 3500 746 3564 harum
770 3500 875 3564 altera
898 3499 997 3564 navis
1021 3500 1145 3565 CCXX
1169 3525 1187 3567 e
1211 3526 1225 3568 a

111 3605 244 3689 legione
266 3603 409 3667 tironum
430 3606 620 3685 sustulerat,
637 3607 741 3671 altera
765 3628 804 3670 ex
828 3612 986 3671 veterana
1008 3607 1107 3691 paulo
1124 3608 1188 3672 mi-

110 3733 175 3776 nus
199 3709 266 3776 CC.
313 3710 370 3774 hic
393 3712 551 3795 cognosci
573 3713 676 3793 licuit,
704 3720 865 3798 quantum
890 3720 979 3779 esset
996 3715 1188 3779 hominibus

111 3818 271 3906 praesidii
286 3819 320 3883 in
337 3819 440 3883 animi
459 3819 669 3885 firmitudine.
717 3821 854 3885 Tirones
870 3821 958 3886 enim
975 3821 1186 3888 multitudine
1211 3847 1223 3886 4
