2760 4192
232 207 265 261 10
592 207 644 261 DE
664 206 789 264 BELLO
809 207 929 263 CIVILI

195 386 204 424 1
320 368 409 432 XXI.
423 368 566 450 Recepto
580 367 690 432 Firmo
703 368 905 452 expulsoque
923 369 1060 434 Lentulo
1077 369 1202 434 Cacsar
1217 390 1298 433 cou-

231 473 314 559 quiri
338 474 476 554 milites,
501 475 558 560 qui
582 477 624 540 ab
652 496 690 539 eo
722 475 963 556 discesserant,
988 476 1212 561 dilectumque
1242 476 1298 540 iu-

231 580 321 646 stitui
344 581 454 659 iubet3
477 581 549 665 ipse
573 603 677 647 unum
702 582 790 648 diem
808 583 856 648 ibi
875 583 921 648 rei
938 584 1174 649 frumentariae
1195 605 1298 649 eausa

192 694 378 753 amoratus
413 688 595 753 Corfinium
619 690 796 754 contendit.
833 711 871 754 eo
896 712 973 754 cum
996 690 1153 769 venisset,
1178 691 1296 755 eohor-

230 801 279 859 tes
303 796 332 858 V
355 796 556 880 praemissae
580 817 601 860 a
623 796 767 862 Domitio
791 819 833 862 ex
857 797 979 881 oppido
1004 803 1135 881 pontem
1151 796 1298 861 fluminis

228 902 529 987 interrumpebant,
553 903 609 989 qui
642 905 756 970 aberat
791 907 833 970 ab
862 904 983 989 oppido
1014 905 1106 969 milia
1137 925 1296 988 passuum

191 1026 207 1065 3
229 1010 358 1077 circiter
370 1013 430 1078 Ill.
458 1012 593 1078 ibicum
608 1013 878 1078 antecursoribus
895 1014 1187 1098 Caesarisvproolio
1204 1036 1297 1078 eom-

230 1119 331 1184 misso
355 1120 505 1185 celeriter
528 1119 710 1185 Domitiani
734 1141 753 1184 a
773 1125 872 1204 ponte
893 1121 1015 1204 repulsi
1035 1143 1070 1186 se
1085 1121 1120 1185 in
1137 1121 1296 1205 oppidum

123 1251 126 1256 ’
192 1234 435 1312 ⁴receperunt.
476 1227 599 1292 Caesar
629 1227 814 1311 legionibus
844 1227 1046 1293 transductis
1071 1229 1114 1291 ad
1137 1227 1297 1311 oppidum

230 1334 375 1401 constitit
398 1335 557 1419 iuxtaque
580 1355 713 1398 murum
736 1340 846 1398 castra
869 1333 989 1417 posuit.

195 1453 204 1493 1
319 1438 425 1502 XVII.
442 1440 488 1503 Re
511 1437 645 1521 cognita
669 1437 832 1502 Domitius
857 1439 899 1502 ad
923 1438 1120 1522 Pompeium
1143 1437 1176 1501 iu
1200 1438 1296 1520 Apu-

230 1543 309 1608 liam
337 1544 459 1627 peritos
488 1544 661 1628 regionum
689 1565 812 1629 magno
842 1545 1008 1629 proposito
1040 1545 1187 1630 praemio
1219 1565 1297 1609 oum

228 1652 345 1718 litteris
368 1653 478 1732 mittit,
496 1652 552 1737 qui
575 1658 689 1736 petant
711 1659 811 1736 atque
835 1659 937 1733 orent,
955 1660 990 1717 ut
1014 1652 1077 1717 sibi
1102 1652 1295 1722 subveniat:

230 1758 409 1825 Caesarem
433 1760 563 1823 duobus
582 1758 781 1822 exercitibus
800 1764 832 1822 ot
849 1759 1000 1822 locorum
1019 1758 1182 1842 angustiis
1198 1757 1298 1822 facile

191 1865 403 1931 2intereludi
426 1887 524 1950 posse
555 1867 785 1948 frumentoque
808 1866 985 1949 prohiberi.
1034 1867 1122 1950 quod
1153 1865 1215 1930 nisi
1246 1868 1298 1930 l'e-

229 1974 319 2053 cerit,
343 1995 379 2038 se
401 1974 618 2058 cohortesque
642 1972 786 2057 amplius
802 1972 901 2037 XXX
925 1994 1150 2057 magnumque
1178 1995 1297 2038 nume-

230 2100 304 2143 rum
328 2087 514 2146 senatorum
541 2087 639 2164 atque
659 2080 808 2164 equitum
823 2080 1046 2146 Romanorum
1063 2080 1096 2144 in
1112 2081 1296 2165 periculum

192 2203 207 2241 ³⁵
230 2207 301 2253 esse
333 2194 520 2253 venturum.
575 2188 704 2253 interim
740 2209 817 2252 suos
847 2188 1039 2253 cohortatus
1069 2194 1232 2253 tormenta
1261 2188 1296 2251 in

230 2293 333 2357 muris
352 2293 499 2377 disponit
517 2301 689 2378 certasque
708 2294 827 2378 cuique
846 2302 957 2379 partes
977 2295 1020 2359 ad
1037 2280 1223 2359 custodiam
1239 2316 1296 2358 ur-

230 2400 282 2464 bis
305 2400 471 2479 attribuit3
496 2400 655 2466 militibus
671 2401 704 2464 in
724 2400 877 2465 contione
896 2422 995 2485 agros
1015 2425 1056 2467 ex
1076 2401 1144 2466 suis
1163 2423 1298 2486 posses·

230 2507 379 2573 sionibus
403 2508 590 2592 pollicetur,
614 2507 830 2592 quaternam
854 2507 1002 2592 singulos
1025 2509 1143 2593 iugera
1175 2516 1207 2574 et
1237 2531 1296 2594 pro

230 2624 303 2682 rata
326 2623 419 2700 parte
443 2616 691 2682 centurionibus
715 2616 938 2701 evocatisque.

196 2737 205 2777 1
319 2725 444 2789 XVIII.
458 2726 495 2789 In
512 2723 594 2789 erim
609 2722 746 2788 Caesari
761 2724 932 2788 nuntiatur
946 2725 1194 2804 Sulmonenses,
1208 2728 1297 2810 quod

232 2834 389 2918 oppidum
413 2855 433 2897 a
457 2832 599 2898 Corfinio
624 2832 688 2897 VII
706 2832 834 2897 milium
854 2833 1029 2899 intervallo
1051 2836 1155 2913 abest,
1176 2855 1296 2918 cupere

232 2962 271 3005 ea
296 2942 422 3019 lacere,
446 2961 531 3025 quae
558 2940 675 3018 vellet,
700 2940 803 3004 seda
833 2939 873 3020 Q.
898 2940 1051 3006 Lucretio
1083 2948 1235 3006 senatore
1265 2947 1298 3006 et

232 3050 322 3114 Attio
345 3049 505 3133 Paeligno
528 3048 705 3133 prohiberi,
724 3048 780 3132 qui
804 3049 836 3112 id
855 3049 1014 3133 oppidum
1031 3051 1094 3114 l'll
1110 3050 1297 3116 cohortium

193 3157 394 3241 '2praesidio
418 3159 584 3223 tenebant.
630 3156 731 3221 mittit
753 3178 791 3221 eo
816 3157 860 3221 M.
885 3158 1068 3223 Antonium
1091 3180 1168 3223 cum
1191 3158 1296 3241 legio-

232 3262 282 3328 nis
306 3265 398 3328 Xlll'.
430 3264 621 3330 cohortibus
645 3264 685 3328 V.
702 3263 939 3330 Sulmonenses
963 3265 1062 3329 simul
1081 3270 1181 3349 atque
1200 3265 1297 3348 signa

229 3378 344 3437 nostra
367 3373 535 3456 viderunt,
558 3379 669 3456 portas
693 3379 902 3455 aperuerunt,
927 3372 1158 3457 universique,
1183 3379 1215 3437 et
1238 3394 1298 3457 op-

230 3481 346 3564 pidani
369 3487 401 3546 et
424 3481 556 3552 milites.
573 3479 708 3545 obviam
731 3480 939 3562 gratulantes
964 3481 1109 3547 Antonio
1134 3481 1296 3553 exierunt.

192 3603 208 3640 ³³
231 3588 403 3654 Lucretius
427 3595 459 3652 et
483 3586 594 3652 Attius
618 3589 659 3651 de
682 3607 775 3650 muro
807 3609 843 3652 se
871 3588 1069 3654 deiecerunt.
1116 3590 1227 3655 Attius
1256 3592 1298 3655 ad

232 3694 414 3759 Antonium
438 3696 601 3758 deductus
630 3690 728 3776 petit,
753 3699 788 3755 ut
818 3695 862 3757 ad
892 3693 1070 3759 Caesarem
1102 3694 1298 3761 mitteretur.

233 3801 397 3866 Antonius
421 3821 498 3865 cum
523 3799 713 3864 cohortibus
738 3803 769 3861 et
795 3799 886 3864 Attio
911 3803 1026 3866 eodem
1052 3801 1116 3882 die,
1137 3824 1202 3885 quo
1221 3824 1299 3886 pro-

52 656 139 715 s
