2768 4200
405 219 524 276 COMM.
545 219 567 275 I.
589 220 673 279 CAP.
694 217 890 276 LVII-LXI.
1150 218 1185 272 33

116 385 286 464 vitabant3
304 389 361 447 aut
384 383 494 468 aliquo
510 390 646 468 accepto
663 385 860 450 detrimento
884 389 943 448 aut
960 383 1077 466 procul
1092 383 1185 467 equi-

114 500 186 558 tatu
217 492 289 557 viso
314 514 355 556 ex
378 491 488 556 medic
511 491 628 556 itinere
652 491 808 575 proiectis
832 490 971 556 sarcinis
1002 489 1184 574 fugiebant.

114 607 279 686 postremo
303 606 336 664 et
358 599 469 682 plures
500 598 717 664 intermittere
741 599 812 663 dies
835 605 867 663 et
889 604 1020 682 praeter
1045 619 1185 663 consue·
1210 616 1223 654 3

113 708 264 773 tudinem
289 706 436 770 omnium
462 713 561 770 noctu
585 707 797 772 instituerant
818 706 982 790 pabulari.

205 815 277 879 LX.
301 813 437 877 Interim
462 812 628 878 Oscenses
655 820 688 878 et
718 812 973 897 Calagurritani,
1004 811 1060 897 qui
1092 817 1220 878 erant]

114 943 194 986 cum
213 919 419 986 Oscensibus
443 919 632 998 contributi,
657 921 791 985 mittunt
814 921 952 985 adeum
974 920 1103 1003 legatos
1134 942 1186 984 se-

115 1048 218 1111 seque
236 1027 399 1110 imperata
415 1026 562 1090 facturos
580 1026 787 1110 pollicentur,
833 1026 896 1090 hos
920 1025 1186 1090 Tarraconenses
1210 1042 1223 1082 2

115 1138 149 1196 et
172 1133 320 1198 Iacetani
339 1140 371 1197 et
393 1132 554 1197 Ausetani
578 1139 610 1197 et
628 1133 745 1216 paucis
761 1137 836 1216 post
860 1131 977 1196 diebus
1000 1131 1185 1216 Illurgavo-

116 1259 246 1318 nenses
267 1239 324 1323 qui
343 1240 465 1304 flumen
481 1239 644 1304 Hiberum
661 1240 840 1324 attingunt,
864 1244 1057 1323 sequuntur.
1104 1239 1186 1323 petit
1209 1254 1223 1296 3

115 1347 159 1411 ab
183 1345 235 1411 his
259 1346 423 1427 omnibus
449 1353 484 1411 ut
507 1369 543 1412 se
563 1349 728 1412 frumento
742 1347 867 1411 iuvent.
913 1345 1111 1429 pollicentur
1134 1352 1185 1412 at-

115 1475 180 1539 que
204 1454 356 1519 omnibus
379 1455 527 1540 undique
546 1454 742 1539 conquisitis
760 1446 919 1520 iumentis¹
938 1453 973 1517 in
992 1460 1104 1519 castra
1128 1455 1186 1518 de-

114 1565 256 1644 portant.
303 1561 421 1626 transit
446 1562 546 1626 etiam
574 1561 693 1625 cohors
722 1559 1007 1644 Illurgavonensis
1038 1561 1082 1623 ad
1110 1581 1184 1624 eum
1210 1575 1223 1614 ⁴

112 1667 247 1753 cognito
266 1667 414 1732 civitatis
438 1668 576 1732 consilio
601 1674 633 1732 et
665 1668 762 1752 signa
786 1689 826 1731 ex
849 1665 991 1731 statione
1015 1667 1183 1734 transfert.

97 1822 99 1827 «
114 1796 238 1860 magna
257 1775 407 1839 celeriter
423 1775 639 1840 commutatio
656 1796 777 1839 rerum.
822 1774 970 1857 perlecto
989 1778 1099 1856 ponte,
1113 1795 1186 1837 ma·
1210 1788 1223 1827 5

113 1881 191 1964 gnis
216 1881 363 1966 quinque
387 1881 580 1946 civitatibus
611 1883 654 1946 ad
678 1881 861 1947 amicitiam
885 1879 1061 1959 adiunctiS,
1085 1902 1186 1963 expe·

115 1988 244 2052 ditare
267 1987 493 2065 frumentaria,
517 1987 687 2052 exstinctis
710 1986 900 2051 rumoribus
925 1987 966 2051 de
990 1985 1120 2050 auxiliis
1139 1986 1186 2050 le-

116 2095 264 2178 gionum,
294 2116 380 2178 quae
410 2116 487 2158 cum
518 2093 676 2177 Pompeio
711 2115 771 2177 per
798 2092 1042 2158 Mauretaniam
1071 2093 1187 2158 venire

116 2200 324 2279 dicebantur,
349 2200 473 2264 multae
506 2200 756 2284 longinquiores
792 2201 943 2266 civitates
973 2202 1016 2265 ab
1047 2200 1186 2266 Afranio

115 2305 309 2371 desciscunt
332 2312 365 2370 et
388 2305 542 2370 Caesaris
566 2304 746 2371 amicitiam
772 2312 967 2390 sequuntur.

205 2411 293 2475 LXI.
319 2410 449 2492 Quibus
465 2412 565 2475 rebus
584 2412 763 2495 perterritis
780 2412 901 2476 animis
918 2412 1186 2477 adversariorum
1212 2427 1220 2467 1

113 2519 250 2601 Cacsar,
269 2541 310 2582 ne
334 2540 466 2603 semper
481 2540 604 2603 magno
625 2519 766 2584 circuitu
784 2541 844 2603 per
862 2525 995 2602 pontem
1019 2519 1187 2606 equitatus

113 2631 203 2690 esset
233 2627 425 2705 mittendus
453 2632 571 2691 nactus
600 2625 755 2691 idoneum
780 2627 892 2692 locum
924 2625 1033 2690 fossas
1063 2626 1187 2708 pedum

114 2732 216 2796 XXX
238 2733 273 2795 in
296 2731 509 2797 latitudinem
533 2732 721 2817 complures
751 2732 863 2799 lacere
885 2731 1040 2806 instituit,
1065 2731 1187 2814 quibus

115 2846 244 2921 partem
274 2840 420 2924 aliquam
444 2840 567 2905 Sicoris
591 2848 755 2906 averteret
779 2843 971 2925 vadumque
1005 2840 1040 2903 in
1063 2861 1101 2902 eo
1124 2840 1186 2903 llu-

116 2945 204 3008 mine
227 2946 380 3011 efficeret.
430 2947 485 3011 his
514 2967 622 3030 paene
646 2948 774 3013 effectis
797 2968 958 3032 magnum
979 2947 1013 3011 in
1036 2946 1185 3012 timerem
1210 2961 1223 3001 2

116 3051 274 3114 Afranius
302 3052 520 3136 Petreiusque
548 3055 765 3136 perveniunt,
796 3076 837 3118 ne
861 3054 997 3119 omnino
1021 3055 1186 3118 frumento

115 3157 305 3240 pabuloque
334 3157 642 3240 intercluderentur,
667 3164 753 3245 quod
778 3163 919 3227 multum
943 3164 1069 3227 Cacsar
1091 3159 1186 3244 equi-

114 3269 187 3327 tatu
212 3264 354 3327 valebat.
400 3264 513 3349 itaque
536 3267 742 3333 constituunt
764 3267 830 3352 ipsi
852 3269 934 3333 locis
965 3268 1123 3333 excedere
1155 3271 1187 3329 et

115 3368 150 3433 in
173 3369 386 3434 Celtiberiam
408 3370 535 3435 bellum
551 3373 722 3437 tranferre.
768 3374 848 3439 huic
865 3374 1002 3440 consilio
1022 3375 1185 3461 suffraga·
1210 3386 1223 3426 3

114 3479 213 3541 batur
236 3476 336 3542 etiam
360 3476 417 3542 illa
439 3499 503 3559 rea,
527 3481 616 3564 quod
639 3502 678 3544 ex
703 3482 832 3545 duobus
856 3481 1029 3545 contrariis
1053 3479 1186 3564 generi-

112 3585 178 3648 bus
193 3605 277 3668 quae
293 3585 459 3669 superiore
475 3587 561 3651 bello
581 3609 657 3653 cum
680 3587 823 3653 Sertorio
840 3593 999 3653 steterant
1023 3587 1186 3666 civitates,

114 3689 223 3756 victae
246 3712 368 3756 nomen
392 3700 490 3778 atque
506 3694 681 3779 imperium
700 3695 839 3779 Pompei
858 3695 1031 3776 timebant,
1050 3695 1185 3780 quaein

113 3797 261 3863 amicitia
284 3807 487 3883 manserant,
511 3802 645 3887 magnis
668 3803 808 3867 affectae
831 3802 1001 3867 beneficiis
1025 3824 1104 3867 euru
1117 3801 1190 3863 dili-

170 3923 239 3967 Caes.
254 3937 331 3966 comm.
348 3924 374 3966 de
390 3925 448 3968 bello
464 3927 506 3968 civ.
1147 3917 1169 3955 (ὃ
