2768 4200
351 231 469 288 COMM.
491 231 513 289 I.
534 230 617 285 CAP.
637 227 886 284 XXX-XXXII.
1076 250 1080 266 ¹
1118 231 1152 285 19

80 397 225 462 navibus
249 395 459 459 Tuberonem
482 397 580 476 portu
599 396 697 475 atque
721 391 843 474 oppido
865 390 1021 475 prohibet
1044 414 1153 476 nequo

81 506 239 569 affectum
258 499 449 565 valetudine
472 497 578 561 silium
597 517 760 579 exponere
784 496 819 559 in
841 500 930 560 terra
945 495 1078 580 patitur,
1095 499 1154 561 sed

81 610 223 677 sublatis
246 608 377 674 ancoris
401 605 560 670 excedere
584 625 621 667 eo
644 603 718 667 loco
741 603 841 687 cogit.

171 717 315 782 XXXII.
345 713 406 778 His
442 713 542 777 rebus
571 709 731 774 confectis
760 709 894 784 Caesar,
924 716 960 774 ut
989 710 1154 796 reliquum

81 835 216 909 tempus
240 845 260 887 a
282 823 396 886 labore
415 817 695 896 intermitteretur,
712 815 832 880 milites
854 816 890 880 in
912 816 1062 901 proxima
1080 839 1155 880 mu-

82 931 209 1016 nicipia
232 928 381 1002 deducil3
397 926 469 1008 ipse
485 925 528 988 ad
547 924 665 989 urbem
683 923 914 1007 proficiscitur.
962 930 1076 989 coacto
1101 947 1154 990 se·
1193 948 1206 984 a

83 1045 165 1103 natu
182 1034 322 1100 iniurias
336 1032 547 1097 inimicorum
566 1037 814 1096 commemorat.
860 1031 956 1095 docet
975 1053 1011 1096 se
1028 1033 1157 1096 nullum

86 1139 385 1207 extraordinarium
403 1138 564 1204 honorem
583 1137 760 1222 appetisse,
783 1139 842 1218 sed
865 1144 1054 1222 exspectato
1073 1139 1157 1223 legi-

85 1250 165 1313 timo
188 1254 336 1331 tempore
359 1246 552 1313 consulatus
570 1268 608 1311 eo
632 1246 735 1310 fuisse
752 1252 955 1326 contentum,
973 1249 1061 1331 quod
1085 1269 1156 1312 orn·

85 1353 186 1418 nibus
209 1351 340 1416 civibus
358 1357 495 1435 pateret.
543 1350 649 1415 latum
667 1352 711 1415 ab
733 1351 767 1414 X
785 1349 927 1415 tribunis
945 1349 1051 1435 plebis
1076 1373 1157 1416 eon·
1194 1374 1198 1392 *-

84 1469 138 1524 tra
153 1458 340 1525 dicentibus
357 1457 513 1537 inimicis
532 1457 659 1522 Catone
676 1479 754 1521 vero
773 1456 933 1523 acerrime
951 1466 1158 1542 repugnante

85 1575 119 1634 et
140 1565 280 1652 pristina
304 1565 545 1632 consuetudine
577 1564 709 1630 dicendi
743 1586 837 1629 mora
860 1566 930 1629 dies
954 1567 1158 1647 extrahente,

84 1683 121 1742 ut
144 1675 197 1740 sui
220 1675 303 1739 ratio
327 1673 475 1738 absentis
504 1672 693 1751 haberetur,
719 1672 791 1757 ipso
815 1672 950 1736 consule
982 1672 1159 1757 Pompei03

85 1783 143 1867 qui
166 1783 195 1848 si
217 1783 450 1865 improbasset,
475 1802 534 1846 our
550 1780 629 1845 ferri
646 1802 768 1865 passus
785 1780 901 1845 esset?
923 1780 952 1844 si
974 1782 1158 1863 probasset,

85 1911 145 1954 cur
168 1911 204 1954 se
227 1889 277 1954 uti
299 1888 413 1972 populi
435 1886 596 1952 beneficio
628 1886 875 1970 prohibuisset?
898 1926 941 1934 -
965 1887 1159 1970 patientiam
1195 1909 1208 1947 r

85 1994 241 2079 proponit
258 2016 364 2073 suam,
389 2015 466 2058 cum
490 1995 530 2057 de
550 1993 748 2058 exercitibus
767 1993 969 2059 dimittendis
988 1994 1075 2058 ultro
1098 2017 1159 2078 po·

86 2101 299 2178 stulavisset3
317 2101 352 2164 in
371 2121 436 2184 quo
451 2099 615 2164 iacturam
632 2099 804 2183 dignitatis
824 2106 924 2185 atque
942 2102 1075 2166 honeris
1087 2103 1159 2187 ipse

88 2210 238 2273 tacturus
258 2214 353 2279 esset.
375 2229 378 2236 ·
401 2207 615 2272 acerbitatem
631 2207 840 2272 inimicorum
859 2209 965 2288 docet,
985 2208 1053 2293 qui,
1071 2212 1161 2293 quod
1197 2230 1210 2268 τ,

87 2317 131 2379 ab
150 2315 252 2379 altero
275 2314 490 2398 postularent,
506 2312 541 2376 in
561 2334 597 2377 se
615 2319 807 2378 recusarent
828 2320 928 2399 atque
951 2315 1062 2380 omnia
1084 2337 1161 2400 per-

87 2421 221 2487 misceri
245 2420 381 2486 mallent
404 2441 507 2505 quam
530 2419 706 2504 imperium
726 2420 958 2506 exercitusque
983 2422 1158 2488 dimittere.

87 2530 242 2596 iniuriam
266 2530 300 2594 in
324 2527 504 2613 eripiendis
526 2527 714 2612 legionibus
733 2529 914 2613 praedicat,
931 2531 1161 2597 crudelitatem
1197 2551 1211 2591 e

88 2645 122 2704 et
139 2637 350 2703 insolentiam
373 2637 408 2701 in
431 2635 744 2701 circumscribendis
768 2637 910 2703 tribunis
934 2638 1055 2722 plebis3
1079 2659 1160 2702 con·

89 2746 235 2812 diciones
259 2769 280 2811 a
302 2768 338 2812 se
356 2746 453 2826 lataS,
476 2745 621 2830 expetita
640 2746 804 2830 colloquia
823 2754 855 2812 et
878 2749 1045 2831 denegata
1068 2769 1160 2812 com-

91 2858 263 2915 memorat.
280 2872 339 2933 pro
358 2850 480 2935 quibus
499 2850 599 2914 rebus
618 2851 769 2916 hortatur
792 2872 832 2916 ac
855 2851 1012 2935 postulat,
1030 2857 1068 2917 ut
1089 2875 1160 2919 rern
1197 2872 1210 2914 r

90 2957 258 3042 publicam
281 2957 465 3041 suscipiant
488 2963 587 3041 atque
610 2977 679 3022 una
700 2979 816 3022 secum
839 2958 1068 3025 administrent
1075 2986 1084 3042 ;
1108 2960 1161 3025 sin

91 3063 209 3127 timore
234 3061 419 3145 defugiant,
445 3061 511 3126 illis
539 3083 574 3125 se
593 3061 684 3125 oneri
707 3083 775 3127 non
803 3063 953 3128 futurum
980 3070 1013 3129 et
1043 3086 1103 3150 per
1125 3087 1161 3131 se

91 3168 355 3254 rempublicam
381 3167 701 3233 administraturum.
747 3169 875 3253 legatos
899 3170 943 3233 ad
964 3169 1161 3254 Pompeium
1198 3193 1212 3233 s

92 3281 134 3342 ‹le
158 3275 396 3360 compositione
428 3274 514 3340 mitti
545 3281 713 3359 oporter03
736 3298 844 3362 neque
877 3298 912 3342 se
935 3278 1160 3353 reformidare,

92 3385 182 3470 quod
205 3384 239 3447 in
262 3388 380 3447 senatu
409 3381 590 3466 Pompeius
618 3383 718 3465 paulo
741 3389 819 3448 ante
842 3383 989 3458 dixisset,
1013 3386 1056 3448 ad
1079 3405 1162 3469 quos

91 3490 194 3576 legati
216 3488 434 3571 mitterentur,
456 3488 511 3553 his
534 3489 762 3555 auctoritatem
786 3489 921 3555 attribui
943 3489 1162 3576 timoremque
1193 3515 1195 3519 ·

54 3630 56 3634 v
93 3619 217 3679 eorum,
247 3597 305 3681 qui
329 3596 508 3678 mitterent,
537 3595 728 3680 significari.
774 3596 883 3662 tenuis
914 3599 1014 3682 atque
1042 3596 1162 3663 infirmi
1198 3620 1212 3660 e

91 3706 178 3771 haec
196 3705 299 3770 animi
317 3703 438 3784 videri;
454 3726 490 3770 se
506 3725 596 3785 vero,
612 3709 648 3769 ut
666 3702 821 3787 operibus
836 3703 960 3770 anteire
982 3703 1161 3783 studuerit;

92 3813 141 3879 sic
164 3813 290 3888 iustitia
313 3819 345 3880 et
369 3814 535 3899 aequitate
558 3811 645 3878 velle
670 3832 840 3896 superare.
