2768 4200
169 202 205 257 66
537 205 589 259 66
608 167 735 262 ennio
755 207 877 262 civim

170 366 382 429 commodum
405 365 599 448 pertinebat,
625 367 736 432 durior
765 367 923 432 inventus
947 374 996 434 est
1019 368 1160 433 Coelius,
1210 377 1243 435 et

170 472 213 536 ab
244 471 308 535 hoc
337 472 506 555 profectus
536 471 647 550 initio,
681 495 722 538 ne
751 475 876 540 frustra
906 475 1078 560 ingressus
1110 484 1243 561 turpem

169 600 306 643 causam
324 579 502 659 videretur,
518 581 628 665 legem
646 581 882 666 promulgavit,
899 590 934 647 61
950 583 1090 648 sexenni
1102 584 1155 648 die
1172 585 1245 648 6166

169 684 279 749 usuris
303 685 448 750 creditae
471 687 632 771 pecuniae
655 688 835 754 solvantur.
926 764 930 771 ἢ

135 808 145 849 1
259 795 353 859 XXI.
391 794 477 859 Cum
512 795 679 861 resisteret
712 796 872 862 Servilius
908 798 1023 862 consul
1056 798 1244 882 reliquique

169 901 397 986 magistratus,
421 908 453 967 et
476 901 586 968 minus
617 902 769 986 opinione
800 924 861 967 sua
886 904 1040 984 efficeret,
1065 905 1244 968 611116611-

170 1031 250 1074 num
274 1010 449 1074 excitanda
472 1010 583 1075 studia
606 1010 737 1074 sublata
760 1010 867 1093 priore
890 1011 963 1094 lege
987 1012 1071 1075 duas
1094 1011 1244 1094 promul-

170 1119 280 1205 gavit:
303 1140 417 1198 unam,
442 1140 509 1203 qua
531 1120 702 1182 mercedes
736 1118 978 1184 habitationum
1006 1140 1136 1183 annuas
1160 1141 1243 1184 eon-

134 1240 148 1281 2
170 1228 362 1294 ductoribus
378 1227 526 1306 donavit,
540 1226 640 1291 aliam
657 1227 845 1292 tabularum
858 1250 1035 1306 novarum3
1050 1229 1245 1314 impetuque

170 1335 392 1402 multitudinis
410 1335 444 1398 in
468 1333 504 1403 C.
530 1333 730 1398 Trebonium
746 1336 833 1400 facto
853 1341 885 1399 et
900 1333 1068 1400 nonnullis
1084 1335 1244 1399 vulnera-

171 1444 312 1508 liscum
337 1444 379 1507 de
402 1441 560 1507 tribunali
584 1443 791 1508 deturbavit..
830 1446 871 1507 de
895 1443 1017 1527 quibus
1040 1445 1141 1508 rebus
1165 1443 1245 1509 Ser-

171 1553 271 1618 vilius
296 1553 412 1618 consul
444 1554 487 1617 ad
515 1558 667 1616 senatum
692 1553 828 1634 rettulit,
858 1561 1060 1639 senatusque
1090 1555 1245 1620 Coelium

135 1663 214 1726 aab
239 1660 432 1745 republica
459 1661 699 1725 removendum
731 1660 868 1728 censuit.
916 1662 980 1725 hoc
1011 1663 1142 1726 decreto
1166 1684 1245 1727 eum

171 1767 288 1832 consul
307 1773 425 1832 senatu
449 1765 619 1850 prohibuit
648 1772 680 1830 et
708 1766 893 1847 contionari
917 1773 1094 1831 conantem
1124 1769 1165 1830 de
1188 1788 1245 1832 re·

135 1894 149 1936 1
170 1876 247 1940 stris
271 1874 417 1940 deduxit.
464 1873 519 1937 1116
542 1871 725 1956 ignominia
749 1877 781 1937 ct
804 1872 916 1937 dolore
935 1881 1106 1956 permotus
1129 1875 1244 1956 palam

170 2003 205 2046 se
233 1980 399 2064 proficisci
427 1982 470 2045 ad
505 1979 683 2044 Caesarem
714 1979 897 2058 simulavit,
929 1982 1015 2044 clam
1046 1981 1171 2045 nuntiis
1200 1985 1244 2046 ad

170 2088 329 2153 Milonem
362 2087 484 2167 missis,
517 2087 574 2171 qui
598 2087 714 2152 Clodio
744 2087 919 2152 interfecto
943 2110 982 2153 eo
1008 2089 1142 2152 nomine
1173 2095 1245 2154 erat

171 2194 359 2272 damnatus,
391 2200 491 2278 atque
524 2216 562 2258 eo
597 2193 630 2256 in
655 2192 786 2257 ltaliam
819 2201 967 2273 evocate,
992 2196 1081 2278 quod
1107 2197 1245 2278 magnis

170 2301 363 2366 muneribus
387 2301 473 2365 datis
496 2300 712 2384 gladiatoriae
736 2300 1245 2414 16611166661166166116116661,

171 2407 236 2471 sibi
260 2407 431 2472 coniunxit
453 2413 553 2491 atque
574 2429 648 2470 eum
679 2405 713 2470 16
736 2408 921 2471 Thruinum
944 2410 988 2471 ad
1017 2407 1246 2473 sollicitandos

135 2537 148 2578 5
171 2523 321 2600 pastores
345 2516 523 2599 praemisit.
570 2516 640 2598 ipse
665 2538 741 2580 cum
765 2515 951 2580 Casilinum
975 2516 1133 2593 venisset,
1158 2538 1246 2580 uno-

172 2646 236 2708 que
265 2630 413 2705 ternpore
448 2621 545 2705 signa
569 2623 640 2685 eius
667 2623 822 2686 militaria
851 2629 950 2706 atque
974 2643 1068 2687 arma
1105 2623 1245 2706 Capuae

172 2742 283 2796 essent
309 2751 505 2814 comprensa
532 2734 565 2793 et
588 2729 715 2793 familia
738 2730 895 2812 Neapoli,
919 2730 1059 2814 visaque
1083 2730 1245 2814 proditio-

171 2861 249 2904 nem
273 2837 386 2922 oppidi
402 2857 575 2920 apparare‚
594 2837 769 2919 patefactis
787 2801 936 2901 consiliis
955 2838 1108 2901 exclusus
1127 2837 1247 2920 Capua

171 2955 204 3012 et
219 2945 403 3030 periculum
422 2943 558 3023 resitue,
571 2947 660 3028 quod
672 2950 856 3009 conventus
869 2965 963 3008 arma
976 2950 1129 3027 coeperat
1145 2953 1248 3028 atque

172 3076 247 3117 eum
271 3051 377 3116 hostis
399 3051 471 3116 loco
494 3052 688 3128 habendum
713 3050 932 3130 existimabat,
957 3050 1094 3114 consilio
1118 3050 1247 3116 destitit

171 3168 271 3245 atquc
294 3161 337 3225 ab
362 3182 399 3224 eo
423 3159 539 3225 itinere
563 3180 635 3224 sese
659 3159 789 3225 avertit.

137 3289 147 3329 1
261 3268 372 3332 XXII.
388 3267 526 3331 Interim
542 3267 623 3330 Milo
640 3265 783 3330 dimissis
808 3265 932 3329 circum
957 3264 1140 3347 municipia
1156 3265 1246 3330 litte·

171 3374 226 3453 616,
243 3396 282 3438 66
300 3397 349 3453 66,
366 3395 452 3459 quae
473 3374 609 3451 faceret,
632 3372 727 3436 iussu
742 3378 841 3456 atquc
859 3372 996 3455 imperio
1016 3372 1126 3435 facere
1141 3371 1245 3436 Pom-

172 3483 236 3566 pei,
261 3504 346 3567 quae
371 3482 531 3545 mandata
559 3481 661 3544 adse
692 3501 752 3564 per
775 3478 959 3544 Vibullium
982 3478 1092 3542 delata
1122 3486 1248 3553 essent,

173 3611 257 3675 quos
281 3611 321 3654 ex
351 3609 426 3652 aere
450 3588 555 3651 alieno
590 3587 742 3651 laborare
773 3587 1004 3666 arbitrabatur,
1033 3585 1248 3654 sollicitabat.
1296 3581 1302 3601 “

137 3723 150 3763 a
173 3697 262 3779 apud
286 3691 369 3780 quos
392 3716 468 3758 cum
485 3693 643 3777 proficere
659 3695 741 3758 nihil
765 3701 886 3779 posset,
911 3695 1111 3778 quibusdam
1127 3695 1249 3761 solutis

173 3804 348 3888 ergastulis
366 3802 487 3868 Cosam
506 3802 541 3866 in
560 3824 640 3887 agro
657 3803 806 3867 Thurino
831 3824 1022 3887 oppugnare
1039 3802 1158 3887 coepit.
1208 3826 1250 3869 ea
