2768 4200
184 180 201 233 2
549 185 600 238 DE
624 184 744 241 tir-:Lau
765 185 884 241 Clt‘lld

148 343 370 426 *sideream
400 354 432 411 ut
462 346 506 410 ll.
532 346 648 425 ltut'us,
673 347 730 431 qui
763 347 960 412 sententiam
985 346 1109 418 t'alidii
1138 370 1210 435 pan

184 453 252 518 sere
276 454 412 518 mutatis
439 454 538 519 rebus
567 456 777 539 sequebatur.
824 455 858 519 hi
890 476 1006 519 omnes
1037 455 1199 523 convicio

146 582 159 621 a
184 561 316 626 Lentuli
340 561 486 626 consulis
508 561 650 644 correpti
678 562 941 645 exagitabantur.
981 562 1147 629 Lentulus
1180 586 1214 631 se

183 668 320 734 tentiam
333 667 455 733 Calidii
471 668 761 753 pronuntiaturum
780 691 817 733 se
833 669 969 734 omnino
982 669 1130 755 negarit.
1163 672 1216 739 Ma

146 792 159 827 u
184 774 286 840 cellus
305 776 496 860 perterritus
520 774 680 840 conviciis
698 796 718 838 a
736 797 797 839 sua
813 775 977 841 sententia
994 776 1164 843 discessit.
1209 800 1219 843 r

182 882 319 948 vocibus
334 881 489 951 consulis.
507 888 630 947 terrore
649 882 831 965 praesentis
851 882 1026 963 exereitus
1045 883 1149 950 minis
1168 906 1221 951 arr

182 1011 294 1055 corum
317 991 455 1075 Pompei
471 990 619 1074 plerique.
636 988 808 1072 compulsi.
829 989 923 1055 inriti
943 996 974 1055 et
989 990 1096 1057 coacti
1121 992 1223 1079 Scipi·

180 1099 231 1163 nis
254 1098 452 1164 sententiam
474 1106 674 1181 sequuntur:
700 1096 745 1161 uti
769 1106 846 1162 ante
862 1104 987 1162 certam
1011 1098 1101 1163 diem
1126 1099 1226 1167 Caes

180 1205 359 1271 exercitum
382 1205 540 1285 dimittat;
557 1203 586 1268 si
603 1224 669 1267 non
686 1203 797 1281 saciat,
816 1225 892 1269 eum
908 1204 1071 1269 adversus
1088 1226 1165 1273 rem
1190 1230 1228 1294 pr

142 1329 154 1368 ῑ
178 1312 301 1377 blicam
315 1313 480 1376 facturum
499 1310 614 1375 videri.
656 1310 828 1375 intercedit
848 1310 893 1375 M.
913 1311 1089 1391 Antonine,
1105 1312 1151 1395 Q.
1168 1316 1231 1383 Car

178 1419 259 1499 sius,
282 1417 406 1484 tribuni
430 1417 542 1501 plebis.
591 1418 731 1483 retertur
749 1418 923 1483 eont'estim
947 1419 989 1483 de
1011 1418 1234 1491 intere-cesion

141 1527 395 1591 etribunorum.
445 1525 603 1590 dicuntur
641 1525 821 1590 sententiae
856 1546 996 1609 graves:
1032 1532 1069 1591 ut
1105 1528 1236 1617 quisqu

178 1633 391 1700 acerbissime
415 1632 706 1717 cuutelissimeque
730 1632 822 1702 dixit.
847 1633 892 1698 ita
915 1654 1015 1717 qutun
1034 1635 1186 1703 maxime
1210 1642 1239 1705 a]

176 1743 319 1810 inimicis
340 1741 495 1808 Caesaris
519 1740 734 1810 collaudatur.

141 1872 149 1912 r
265 1852 325 1916 III.
344 1849 446 1914 Misso
462 1850 503 1913 ad
524 1869 702 1933 vesperum
726 1856 842 1914 scriutu
866 1870 992 1929 ornnes
1012 1849 1069 1933 qui
1081 1858 1162 1918 sunt
1178 1854 1244 1920 eiua

176 1959 309 2043 ordinis
337 1980 358 2022 a
381 1957 540 2041 Pompeio
571 1965 761 2023 evocantur.
809 1958 921 2022 laudat
950 1963 1120 2042 promptos
1144 1968 1247 2048 atque

176 2066 210 2129 in
232 2071 401 2149 posterum
421 2062 603 2143 consumat,
627 2063 798 2149 segniores
822 2063 965 2149 castigat
993 2069 1094 2149 atque
1117 2064 1249 2137 incitat.

138 2192 152 2231 ·.›
175 2171 270 2236 multi
289 2170 434 2254 undique
453 2192 493 2234 ex
508 2170 675 2235 veteribus
693 2170 831 2255 Pompei
849 2170 1047 2236 exercitibus
1065 2192 1127 2257 spe
1144 2195 1251 2259 prae-

175 2277 315 2342 miorum
341 2282 439 2359 atque
464 2276 616 2341 ordinum
640 2284 831 2355 evocantur,
856 2277 950 2342 multi
974 2300 1015 2343 ox
1037 2280 1174 2348 duabus
1199 2284 1252 2349 le·

137 2404 150 2443 a
174 2383 338 2468 gionibus.
354 2402 439 2464 quae
456 2388 530 2445 sunt
550 2383 690 2447 traditae
706 2404 726 2446 a
739 2382 891 2455 Caesare,
905 2392 1133 2469 arcessrrntur3
1149 2410 1249 2458 com-

174 2491 281 2575 pletur
304 2489 384 2553 urbs
407 2496 439 2553 et
463 2489 572 2572 ipsum
601 2489 770 2554 comitium
802 2490 953 2570 tribunis,
977 2492 1248 2571 centurionibus,

136 2620 149 2659 r
173 2597 327 2663 evocatis.
375 2617 488 2661 omnes
512 2595 613 2661 amici
631 2597 815 2675 consulum,
835 2596 1014 2661 necessarii
1030 2597 1171 2685 Pompei
1190 2610 1247 2669 at-

173 2730 236 2794 quc
260 2705 299 2784 ei,
319 2704 376 2790 qui
400 2711 529 2770 veteres
552 2703 743 2768 inimicitias
760 2725 837 2769 eum
857 2703 1001 2770 Caesare
1016 2706 1188 2790 gerebant,
1207 2710 1245 2774 in

134 2838 147 2878 s
171 2822 321 2882 senatum
338 2819 520 2898 eoguntur:
540 2832 680 2896 querum
695 2810 834 2876 vocibus
846 2818 877 2876 et
897 2832 1061 2877 concursu
1076 2818 1245 2879 terrentur

169 2923 376 3001 infirmiores,
396 2920 488 2986 dubii
505 2919 752 2996 confirmantur,
768 2917 934 3004 plerisque
951 2941 1030 2985 vero
1053 2919 1154 2985 libere
1176 2920 1241 2987 de-

133 3050 146 3091 e
169 3028 324 3094 eernemli
340 3034 487 3111 potestas
502 3026 650 3113 eripitur.
690 3025 864 3112 pollicetur
880 3028 917 3092 L.
934 3028 1011 3093 Piso
1031 3048 1149 3095 censor
1164 3048 1245 3097 sese

168 3137 291 3202 iturum
311 3137 354 3199 ad
370 3134 557 3215 Caesarem,
575 3136 654 3200 item
674 3137 711 3199 L.
730 3134 870 3200 Roscius
886 3141 1028 3218 praetor,
1047 3133 1106 3218 qui
1124 3118 1171 3199 de*
1185 3135 1244 3202 his

167 3243 268 3309 rebus
291 3263 367 3307 eum
391 3244 546 3307 doceant:
569 3262 627 3305 sex
651 3242 722 3306 dies
740 3243 782 3305 ad
807 3263 879 3305 eam
903 3262 973 3306 rem
997 3240 1243 3309 conficiendam

132 3373 144 3415 r
168 3351 267 3436 spatii
286 3350 462 3434 postulant.
510 3349 665 3413 dicuntur
687 3347 787 3413 etiam
807 3369 826 3411 a
850 3348 1018 3413 nonnullis
1041 3348 1243 3425 sententiae,

168 3466 204 3524 ut
226 3458 328 3541 legati
350 3458 394 3521 ad
417 3457 595 3523 Caesarem
620 3455 803 3536 mittantur,
828 3455 884 3540 qui
912 3455 1117 3522 voluntatem
1139 3476 1242 3522 sena-

167 3574 219 3632 tus
240 3563 270 3630 ei
293 3570 487 3647 proponant.

132 3695 141 3735 1
211 3739 212 3744 ,
254 3670 313 3735 IV.
337 3669 502 3737 Omnibus
525 3670 578 3735 his
601 3669 774 3749 resistitur,
793 3670 1012 3755 omnibusque
1035 3671 1141 3738 oratio
1155 3693 1242 3739 con—

166 3779 257 3862 suliS,
274 3779 446 3865 Scipionis,
463 3778 597 3845 Catonis
614 3778 798 3863 opponitur.
848 3778 1005 3843 Catonem
1024 3783 1153 3845 veteres
1172 3779 1242 3847 ini·
