2768 4200
348 197 469 255 COMM.
489 199 511 253 I.
533 198 616 254 CAP.
637 197 868 253 XXVI—XXX
1116 195 1150 250 17

70 364 236 444 evocatis
253 361 435 448 sagittariis
458 360 749 445 funditoribusque
771 381 863 425 raros
878 360 912 425 in
932 380 1026 424 muro
1049 359 1149 424 turri-

74 478 203 558 busque
217 471 373 556 disponit.
409 471 472 535 hos
488 476 578 539 certo
596 470 692 554 signo
704 490 861 535 revocare
878 469 1059 549 constituit,
1071 491 1148 534 cnm
1186 486 1199 527 c

73 603 190 646 omnes
214 579 335 644 milites
359 598 463 644 naves
488 577 768 651 conscendissent,
802 582 902 660 atque
924 576 965 640 iis
995 575 1148 660 expedito

72 689 146 754 loco
171 686 320 752 actuaria
343 683 480 768 navigia
503 681 668 767 relinquit.

165 795 323 862 XXVIII.
347 792 541 859 Brundisini
563 791 841 875 Pompeianorum
862 791 1005 857 militum
1021 791 1150 856 iniuriis
1188 807 1197 846 1

73 911 175 988 atque
199 902 306 986 ipsius
328 898 468 983 Pompei
487 897 696 963 contumeliis
712 897 851 982 permoti
871 897 1025 962 Caesaris
1048 899 1149 962 rebus

76 1011 246 1075 favebant.
286 1007 399 1090 itaque
417 1003 552 1088 cognita
569 1004 708 1089 Pompei
723 1005 926 1089 profectione
945 1025 1148 1069 concursan-
1186 1020 1199 1060 ι)

74 1104 165 1180 tibus'
180 1113 245 1177 illis
263 1118 363 1196 atque
380 1110 415 1175 in
439 1132 479 1175 ea
497 1130 533 1174 re
551 1109 722 1194 occupatis
746 1111 850 1195 vulgo
867 1133 908 1174 ex
931 1109 1026 1175 tectis
1045 1110 1149 1194 signi-

76 1222 230 1286 ficabant.
276 1239 335 1303 per
358 1239 443 1304 quos
461 1237 497 1281 re
518 1217 653 1302 cognita
677 1217 804 1284 Caesar
827 1218 937 1283 scalas
960 1218 1071 1302 parari
1086 1218 1150 1282 mi-

74 1326 217 1410 litesque
240 1323 363 1390 armari
384 1324 488 1403 iubet,
512 1346 554 1389 ne
572 1345 675 1410 quarn
697 1323 746 1390 rei
768 1325 936 1409 gerendae
954 1325 1148 1390 facultatem

73 1432 232 1498 dimittat.
268 1432 449 1516 Pompeius
467 1434 530 1496 sub
551 1437 682 1496 noctem
702 1453 807 1497 naves
828 1431 937 1497 solvit.
978 1431 1149 1515 quierant
1185 1446 1199 1487 3

75 1543 110 1606 in
133 1562 228 1606 muro
252 1540 425 1606 custodiae
448 1560 551 1606 causa
574 1539 737 1619 collocati,
761 1561 799 1604 eo
823 1538 929 1623 signo,
953 1539 1042 1623 quod
1064 1559 1149 1602 con-

74 1655 223 1728 venerat,
245 1653 445 1714 revocantur
467 1647 621 1733 notisque
644 1646 819 1712 itineribus
842 1649 886 1712 ad
904 1668 1009 1712 naves
1029 1648 1149 1711 decur-

72 1762 163 1820 runt.
188 1754 310 1820 milites
336 1755 454 1840 positis
477 1754 578 1820 scalis
612 1775 725 1819 muros
756 1756 957 1833 ascendunt;
989 1755 1049 1819 sed
1076 1775 1148 1818 mo·
1184 1766 1198 1806 4

74 1861 137 1927 niti
160 1883 181 1925 a
202 1860 424 1940 Brundisinis,
447 1867 484 1926 ut
502 1862 627 1925 vallum
645 1882 784 1926 caecum
803 1863 979 1946 fossasque
997 1867 1148 1938 caveant,

72 1969 262 2033 subsistunt
280 1975 312 2034 et
334 1968 434 2052 longo
461 1969 579 2033 itinere
624 1970 668 2033 ab
691 1968 744 2033 bis
763 1968 983 2033 circumducti
1005 1970 1049 2033 ad
1071 1990 1149 2053 por-

74 2081 148 2138 tum
171 2075 369 2158 perveniunt
391 2076 542 2159 duasque
565 2096 670 2141 naves
693 2097 770 2140 cum
795 2075 968 2157 militibus,
993 2097 1079 2162 quae
1105 2079 1148 2142 ad

76 2178 180 2242 moles
214 2178 368 2244 Caesaris
399 2179 636 2261 adhaeserant,
670 2181 806 2265 scaphis
834 2180 1055 2267 lintribusque
1095 2205 1149 2247 re-

74 2286 297 2370 prehendunt,
320 2286 546 2370 reprehensas.
562 2287 742 2371 excipiunt.

164 2393 293 2459 XXIX.
310 2392 437 2458 Caesar
455 2394 516 2458 etsi
535 2395 579 2458 ad
597 2414 691 2477 spem
710 2393 907 2459 conficiendi
925 2395 1051 2481 negotii
1075 2418 1147 2462 ma·
1186 2418 1194 2457 1

75 2501 164 2565 xime
187 2502 352 2584 probabat
379 2499 504 2565 coactis
527 2499 673 2565 navibus
704 2520 796 2564 mare
819 2500 961 2566 transire
991 2508 1024 2568 et
1045 2503 1147 2567 Pom-

73 2609 188 2692 peium
217 2607 330 2692 sequi,
362 2606 558 2692 priusquam
582 2608 638 2673 ille
670 2629 743 2673 sese
775 2609 985 2674 trasmarinis
1014 2611 1147 2676 auxiliis

71 2715 297 2796 confirmaret,
320 2722 433 2801 tamen
457 2715 529 2780 eius
551 2714 600 2780 rei
622 2736 751 2781 moram
767 2717 992 2803 temporisque
1014 2718 1146 2802 longin-

73 2822 236 2904 quitatem
259 2822 407 2900 timebat‚
433 2823 523 2906 quod
546 2821 702 2887 omnibus
726 2824 850 2888 coactis
873 2825 1018 2888 navibus
1045 2825 1147 2890 Pom-

75 2926 171 3010 peius
194 2935 403 3010 praesentem
432 2930 626 2993 facultatem
658 2929 856 3014 insequendi
886 2929 940 2994 sui
965 2932 1145 3002 ademerat.

76 3033 335 3116 relinquebatur,
357 3043 394 3100 ut
417 3057 457 3100 ex
487 3035 773 3120 longinquioribus
795 3037 988 3121 regionibus
1016 3039 1146 3104 Galliae
1181 3061 1195 3101 2

76 3138 256 3224 Picenique
275 3147 308 3206 et
323 3162 344 3205 a
359 3142 443 3205 freto
459 3162 563 3207 naves
579 3149 689 3208 essent
707 3146 960 3228 exspectandae.
997 3145 1032 3210 id
1046 3168 1146 3232 prop-

72 3253 126 3312 ter
153 3247 232 3311 anni
268 3253 401 3332 tempus
430 3249 568 3332 longum
604 3254 703 3333 atque
732 3246 940 3335 impeditum
959 3251 1144 3319 videbatur.

76 3354 201 3419 interea
224 3360 335 3420 vetere
358 3355 503 3422 exercitu
526 3358 611 3421 duas
634 3356 813 3440 Hispanias
836 3359 1036 3441 confirmari,
1060 3382 1144 3446 qua-

76 3482 149 3526 rum
181 3467 253 3526 erat
286 3461 392 3527 altera
420 3461 577 3528 maximis
605 3463 776 3528 beneficiis
802 3465 948 3550 Pompei
977 3466 1144 3548 devincta,

72 3569 209 3649 auxilia,
232 3569 418 3654 equitatum
442 3569 563 3655 parari,
591 3569 736 3636 Galliam
765 3571 965 3658 Italiamque
987 3576 1144 3659 temptari

74 3697 111 3740 se
134 3676 271 3742 absente
293 3677 436 3742 nolebat.

163 3783 273 3849 XXX.
297 3785 414 3869 Itaque
437 3784 471 3850 in
488 3786 677 3870 praesentia
694 3785 835 3870 Pompei
857 3787 1018 3872 sequendi
1041 3789 1145 3854 ratic·
1181 3809 1200 3845 x

129 3904 193 3947 Caes.
209 3919 284 3948 comm.
297 3906 327 3949 de
342 3906 402 3950 bello
418 3907 463 3951 civ.
1096 3908 1119 3947 ‘²-
