2768 4200
173 226 210 282 28
540 225 592 279 DE
612 223 738 281 BELLO
758 224 879 280 CIVlLI

137 409 258 476 equos
283 393 321 458 C.
352 391 476 457 Fabius
509 391 643 468 fecerat,
675 411 742 454 uno
765 389 819 454 die
847 388 1032 473 interrupit.
1078 411 1164 474 quae
1193 412 1251 456 res

174 518 317 582 magnas
347 498 560 564 difficultates
590 497 750 562 exercitui
781 496 937 562 Caesaris
970 497 1090 562 attulit.
1137 505 1250 572 castra

173 605 273 686 enim,
296 612 331 671 ut
354 627 456 690 supra
479 607 742 670 demonstratum
761 611 821 685 est,
844 625 921 669 curn
940 610 1053 669 essent
1075 604 1161 669 inter
1183 607 1249 670 flu-

173 711 266 778 mina
290 717 366 795 duo,
383 714 525 780 Sicorim
549 721 582 780 et
599 714 755 799 Cingam,
770 713 878 798 spatio
892 713 1023 779 milium
1045 715 1147 779 XXX
1163 737 1250 778 neu-

174 826 263 886 trum
285 821 405 886 borum
429 820 567 885 transiri
597 826 736 906 poterat,
767 820 1024 904 necessarioque
1053 842 1168 886 omnes
1192 822 1250 885 his

137 942 151 982 4
174 927 336 1012 angustiis
355 927 618 992 continebantur.
666 948 774 1011 neque
797 926 960 1013 civitates,
985 948 1071 1012 quae
1094 929 1138 992 ad
1160 927 1248 992 Cae-

174 1035 259 1100 saris
282 1033 464 1099 amicitiam
489 1038 713 1113 accesserant,
737 1034 943 1110 frumentum
967 1042 1162 1118 supportare
1186 1057 1250 1099 ne-

174 1164 239 1227 que
262 1141 295 1221 ii,
311 1142 368 1225 qui
383 1141 581 1224 pabulatum
605 1140 736 1224 longius
760 1141 932 1225 progressi
955 1149 1059 1222 erant,
1079 1142 1247 1207 interclusi

173 1248 366 1313 fluminibus
381 1247 504 1313 reverti
520 1269 627 1333 neque
651 1247 788 1312 maximi
807 1254 1025 1328 commeatus
1046 1249 1104 1334 qui
1123 1271 1163 1314 ex
1177 1251 1250 1314 lta-

172 1356 218 1422 lia
247 1355 423 1440 Galliaque
454 1355 650 1434 veniebant,
678 1356 713 1419 in
743 1361 854 1420 castra
884 1355 1060 1440 pervenire
1083 1361 1249 1439 poterant.

136 1469 304 1547 ⁵tempus
330 1470 440 1527 autem
464 1468 534 1527 erat
561 1462 810 1541 difficillimum,
846 1484 911 1546 quo
934 1483 1042 1546 neque
1076 1463 1249 1527 frumenta

172 1570 208 1634 in
223 1569 375 1634 hibernis
394 1569 437 1657 (Β)
455 1575 551 1634 erant
567 1591 677 1654 neque
695 1569 840 1634 multum
862 1568 1087 1633 amaturitate
1106 1569 1248 1634 aberant

172 1683 204 1742 et
226 1677 380 1742 civitates
404 1676 603 1754 exinanitae,
628 1678 716 1760 quod
740 1676 899 1741 Afranius
921 1696 1028 1759 paene
1051 1693 1149 1739 omne
1172 1677 1248 1739 fru-

172 1789 322 1849 mentum
357 1789 434 1848 ante
465 1783 619 1848 Caesaris
643 1784 827 1849 adventum
850 1782 996 1847 Ilerdam
1023 1791 1246 1854 conveneram

170 1892 289 1975 reliqui
312 1891 340 1955 si
364 1891 445 1976 quid
468 1891 588 1970 fuerat,
621 1891 746 1956 Caesar
770 1888 997 1973 superioribus
1021 1888 1139 1955 diebus
1165 1911 1243 1953 oon-

135 2008 149 2047 0
171 2004 367 2082 sumpserat.
413 2019 545 2083 peoora,
564 2000 654 2084 quod
674 1999 859 2063 seeundum
875 2001 1004 2081 poterat
1019 2017 1094 2062 esse
1112 1997 1247 2080 inopiae

171 2105 368 2185 subsidium,
400 2111 535 2188 propter
567 2105 693 2170 bellum
731 2103 890 2168 finitimae
925 2102 1079 2168 civitates
1110 2103 1245 2187 longius

135 2221 148 2261 ⁷
170 2217 390 2291 removerant.
426 2212 481 2295 qui
501 2218 596 2276 erant
612 2210 796 2296 pabulandi
817 2217 874 2276 aut
898 2212 1124 2278 frumentandi
1141 2232 1249 2275 causa

169 2317 347 2402 progressi,
370 2318 431 2383 hos
454 2318 539 2384 levis
563 2325 751 2383 armaturae
771 2317 920 2383 Lusitani
942 2317 1107 2402 peritique
1129 2338 1244 2382 earum

170 2423 346 2508 regionum
381 2425 518 2489 caetrati
547 2424 708 2490 citerioris
739 2425 920 2508 Hispaniae
953 2425 1245 2498 consectabantur;

171 2531 293 2616 quibus
312 2537 384 2597 erat
406 2533 555 2616 proclive
579 2539 753 2598 transnare
771 2532 904 2615 flumen,
929 2533 1019 2615 quod
1040 2535 1248 2596 consuetudo

171 2661 284 2704 eorum
308 2638 458 2703 omnium
491 2645 550 2717 est,
583 2646 620 2703 ut
648 2638 718 2703 sine
749 2637 879 2703 utribus
902 2641 945 2702 ad
970 2638 1151 2704 exercitum
1176 2661 1243 2704 non

171 2753 259 2814 eant.

136 2863 145 2902 1
259 2853 382 2918 XLIX.
406 2853 452 2918 nt
467 2852 630 2917 exercitus
646 2852 777 2917 Afranii
796 2852 946 2917 omniurn
961 2874 1072 2918 rerum
1091 2856 1245 2919 abunda-

170 2964 229 3027 bat
251 2961 357 3045 oopia.
405 2960 548 3025 multum
573 2967 644 3026 erat
670 2961 872 3026 frumentum
901 2960 1073 3045 provisum
1102 2968 1135 3027 et
1163 2984 1245 3026 con-

170 3075 305 3135 vectum
329 3069 555 3153 superioribus
578 3070 794 3153 temporibus,
819 3069 960 3134 multum
984 3093 1025 3135 ex
1048 3071 1139 3134 omni
1166 3091 1246 3153 pro·
1287 3157 1289 3160 y

170 3177 283 3241 vincia
306 3178 598 3259 comportabatur;
622 3197 746 3259 magna
770 3177 868 3260 copia
895 3176 1011 3260 pabuli
1034 3177 1244 3261 suppetebat.

133 3304 147 3342 a
170 3285 291 3347 harum
311 3283 457 3348 omnium
477 3305 586 3347 rerum
604 3283 797 3347 facultatem
815 3283 888 3349 sine
908 3283 975 3348 ullo
990 3283 1139 3367 periculo
1158 3305 1244 3366 pons

170 3389 302 3454 Ilerdae
324 3390 506 3472 praebebat
529 3395 561 3454 et
584 3389 658 3453 loca
681 3393 775 3452 trans
794 3390 918 3453 flumen
934 3389 1075 3472 integra,
1093 3410 1158 3473 quo
1175 3411 1243 3452 om-

169 3495 248 3560 nino
272 3495 398 3561 Caesar
421 3495 512 3559 adire
536 3516 601 3560 non
626 3502 765 3578 poterat.

135 3623 146 3664 1
259 3603 296 3666 L.
322 3604 394 3667 Hae
424 3609 679 3686 permanserunt
709 3623 816 3687 aquae
848 3603 919 3668 dies
942 3604 1138 3687 complures.
1186 3625 1248 3667 oo-

169 3714 343 3774 natusest
375 3708 499 3773 Caesar
527 3709 663 3773 reficere
693 3715 826 3792 pontes;
862 3712 920 3774 sed
947 3732 1009 3774 nec
1045 3712 1246 3796 magnitudo-

168 3813 316 3880 fluminis
340 3814 562 3899 permittebat,
585 3836 693 3898 neque
717 3816 760 3878 ad
783 3814 891 3899 ripam
915 3814 1097 3900 dispositae
1120 3817 1244 3882 eohor-
