2768 4200
205 222 241 276 48
570 223 622 277 DH
642 223 767 280 BELLO
788 222 908 278 CIVILI

207 386 294 452 diem
318 388 465 453 nondum
489 386 623 452 venisse
654 387 812 467 dicerent,
840 387 963 452 Caesar
987 394 1023 453 ut
1051 393 1278 473 cognosceret,

207 493 410 578 postulatum
434 500 501 572 est,
533 515 638 578 eoque
673 493 818 578 utrique,
849 497 938 579 quod
962 497 1094 575 statuit,
1132 495 1280 561 contenti
1378 501 1382 515 '

171 612 184 653 4
207 598 352 663 fuerunt.
398 605 492 682 parte
515 599 644 665 eiroiter
662 599 759 663 tertia
773 599 938 665 exereitus
962 623 1000 666 eo
1016 601 1117 667 biduo
1141 601 1281 666 dimissa

208 706 292 770 duas
314 704 463 789 legiones
488 726 565 770 suas
589 709 793 787 anteoedere,
819 706 964 792 reliquas
988 708 1148 793 subsequi
1170 708 1278 789 iussit,

208 817 245 877 ut
268 833 334 876 non
357 811 457 897 longo
481 812 566 877 inter
596 834 632 877 se
655 814 762 896 spatio
786 819 896 878 eastra
918 815 1076 895 iacerent,
1103 813 1199 898 eique
1222 836 1280 878 ne-

172 933 185 974 5
208 919 299 1004 gotio
323 919 363 1001 Q.
387 920 518 985 Fufium
542 919 704 985 Calenum
728 920 876 1005 legatum
902 921 1072 1004 praefecit.
1119 921 1183 985 hoc
1206 921 1281 986 eius

208 1023 413 1106 praescripto
437 1046 478 1087 ex
501 1022 666 1106 Hispania
680 1024 724 1087 ad
747 1024 874 1088 Varum
897 1025 1021 1090 flumen
1044 1031 1095 1089 est
1118 1025 1180 1090 iter
1203 1025 1279 1090 fao--

209 1136 291 1209 tum,
315 1135 415 1214 atque
438 1128 485 1192 ibi
504 1128 633 1214 reliqua
651 1149 730 1212 pars
753 1130 1079 1228 exereitus'dimissa
1103 1140 1163 1197 est.

533 1455 568 1538 o.
588 1456 704 1538 rum
728 1456 952 1541 utramuis

373 1632 475 1727 DE
515 1628 773 1726 BELLO
815 1614 1072 1725 OIVlLt

472 1812 785 1870 COMMENTARIUS
805 1811 1020 1867 SECUNDUS.

178 2034 188 2074 1
302 2001 328 2064 Ι.
353 2000 442 2062 Dum
466 1996 552 2060 haee
584 1994 618 2058 in
641 1992 804 2078 Hispania
833 1997 1006 2077 geruntur,
1036 1992 1073 2059 O.
1098 1993 1287 2058 Trebonius

212 2109 355 2192 legatus
382 2103 438 2188 qui
466 2104 508 2168 ad
532 2082 818 2185 oppugnationem
842 2099 1012 2165 Massiliae
1034 2100 1169 2165 reliotus
1192 2108 1284 2181 erat,

213 2216 343 2278 duabus
368 2233 408 2274 ex
431 2208 581 2293 partibus
601 2227 769 2291 aggerem,
792 2206 910 2270 vineas
933 2220 1106 2290 turresque
1130 2209 1173 2271 ad
1192 2208 1286 2290 oppi-

177 2354 190 2394 ρ
214 2319 294 2385 dum
313 2338 412 2400 agere
428 2314 579 2379 instituit.
627 2335 695 2377 una
713 2318 784 2377 erat
799 2313 951 2396 proxima
967 2313 1076 2396 portui
1090 2313 1287 2379 navalibus-

214 2448 288 2510 que,
314 2424 418 2488 attera
442 2423 484 2485 ad
514 2426 655 2504 portam,
686 2441 752 2504 qua
782 2427 832 2485 est
856 2421 966 2486 aditus
990 2443 1030 2485 ex
1052 2421 1163 2486 Gallia
1187 2428 1288 2506 atque

212 2533 379 2618 Hispania
402 2533 445 2596 ad
461 2532 496 2595 id
516 2552 617 2612 mare,
641 2534 731 2616 quod
755 2532 886 2596 adiacet
909 2533 953 2597 ad
976 2533 1097 2596 ostium
1121 2532 1287 2598 Rhodani.

178 2672 191 2713 3
213 2640 364 2707 Massilia
388 2637 477 2702 enim
501 2637 571 2701 sore
594 2637 701 2701 tribus
725 2660 766 2702 ex
789 2638 930 2726 [oppidi]
955 2640 1105 2723 partibus
1129 2642 1214 2704 mari
1237 2641 1288 2704 al-

212 2749 329 2826 luitur3
353 2745 480 2829 reliqua
504 2751 624 2829 quarta
647 2751 706 2825 est,
727 2767 811 2829 quae
831 2746 959 2811 aditum
981 2747 1105 2812 habeat
1123 2748 1167 2811 ab
1189 2753 1287 2812 terra.

214 2856 313 2920 huius
337 2874 468 2939 quoque
492 2851 592 2934 spatii
615 2874 692 2936 pars
728 2874 888 2938 eaquae
922 2856 966 2919 ad
993 2876 1103 2919 arcem
1135 2855 1288 2938 pertinet,

214 2961 279 3027 looi
295 2967 415 3025 natura
431 2965 463 3023 et
478 2959 566 3023 valle
583 2960 745 3024 altissima
764 2960 891 3024 munita
908 2961 1045 3045 longam
1069 2968 1101 3028 et
1117 2961 1288 3027 difficilem

180 3099 193 3139 4
215 3071 319 3134 habet
342 3065 634 3151 oppugnationem.
682 3068 725 3130 ad
744 3088 784 3130 ea
802 3067 1005 3151 perficienda
1021 3089 1122 3152 opera
1145 3068 1183 3133 C.
1209 3067 1288 3132 Tre-

215 3176 335 3244 bonius
359 3194 520 3257 magnam
538 3173 761 3240 iumentorum
781 3180 880 3259 atque
903 3173 1078 3238 hominum
1101 3175 1289 3240 multitudi-

216 3306 292 3349 nem
310 3305 350 3347 θα
366 3280 458 3345 omni
474 3280 645 3365 provincia
661 3286 769 3361 vocat,
785 3280 915 3346 vimina
939 3281 1179 3365 materiamque
1196 3303 1288 3345 oom-

164 3414 168 3420 ·
216 3390 341 3477 portari
363 3389 465 3454 iubet.
513 3390 634 3473 quibus
655 3388 857 3472 comparatis
881 3390 982 3454 rebus
1006 3408 1164 3472 aggerem
1187 3388 1220 3451 in
1246 3388 1290 3452 al·

218 3497 391 3564 titudinem
416 3496 538 3580 pedum
562 3495 692 3560 LXXX
715 3495 863 3559 exstruit.

183 3630 194 3670 1
307 3603 349 3667 H.
379 3602 446 3666 Sed
475 3602 560 3666 tanti
590 3607 684 3666 erant
713 3601 898 3686 antiquitus
925 3601 960 3665 in
991 3598 1111 3685 oppido
1141 3597 1292 3663 omnium

218 3731 330 3776 rerum
354 3710 402 3773 ad
419 3708 544 3773 bellum
568 3713 748 3791 apparatus
772 3713 932 3794 tantaque
946 3706 1123 3772 multitudo
1142 3714 1292 3772 tormen·

220 3826 343 3894 torum,
367 3821 404 3880 ut
427 3837 541 3880 eorum
565 3814 635 3880 vim
652 3815 762 3880 nullae
786 3822 958 3882 contextae
975 3812 1158 3878 viminibus
1173 3811 1292 3877 vineae
