2768 4200
409 210 529 267 COMM.
546 212 568 268 I.
589 212 674 269 CAP.
692 213 876 270 LII-LVII.
1140 211 1174 266 31

104 378 338 461 processerant
367 378 438 437 tuto
471 374 515 437 ad
546 395 583 439 se
611 374 730 460 recipit
758 382 790 441 et
820 396 891 440 rem
924 371 1175 439 frumentariam

103 483 261 568 expedire
283 480 412 565 incipit.

194 590 263 655 LV.
294 589 420 653 Eodem
444 587 497 652 die
526 589 677 673 equitum
706 611 864 675 magnam
894 596 1022 674 partem
1051 590 1176 653 tlumen
1217 611 1226 650 r

103 697 285 766 transieeit.
332 693 388 779 qui
412 694 622 779 inopinantes
638 697 851 780 pabulatores
867 703 900 760 et
921 696 992 760 sine
1015 695 1081 759 ullo
1105 693 1174 757 dis-

104 805 230 890 sipatos
252 803 372 867 timore
396 800 548 884 aggressi
569 817 791 886 permagnum
809 823 987 866 numerum
1010 800 1175 863 iumento-

103 934 179 979 rum
202 918 302 994 atque
321 907 494 972 hominum
510 907 743 993 intercipiunt;
761 909 1022 993 cohortibusque
1045 911 1175 970 caetra·
1213 929 1231 969 a·

105 1023 148 1085 tis
160 1017 310 1083 subsidio
328 1015 442 1080 missis
455 1015 597 1081 scienter
609 1016 645 1081 in
658 1018 742 1082 duas
753 1025 866 1102 partes
878 1037 951 1081 sese
964 1014 1176 1091 distribuunt,

106 1124 162 1189 alii
181 1129 218 1188 ut
233 1123 378 1206 praedae
394 1120 561 1204 praesidio
577 1122 653 1203 sint,
673 1122 730 1186 alii
747 1131 784 1189 ut
795 1123 1006 1188 venientibus
1021 1120 1178 1186 resistant

107 1239 207 1316 atque
235 1250 292 1295 cos
315 1228 522 1313 propellant,
545 1251 715 1314 unamque
737 1231 919 1309 cohortem,
944 1250 1030 1313 quae
1053 1232 1176 1291 temere
1213 1250 1230 1289 a

106 1345 184 1405 aute
208 1343 337 1404 ceteras
353 1343 448 1402 extra
470 1336 577 1401 aciem
600 1344 819 1421 procurreret,
842 1338 1008 1403 seclusam
1033 1337 1083 1400 ab·
1099 1332 1177 1398 reli-

107 1446 181 1531 quis
204 1444 471 1510 circumveniunt
493 1449 594 1528 atque
611 1444 813 1510 interficiunt
827 1444 1076 1528 incolumesque
1100 1463 1176 1506 cum

105 1574 231 1637 magna
252 1553 378 1636 praeda
400 1552 517 1616 eodem
540 1556 640 1635 ponte
663 1551 698 1616 iu
720 1557 832 1617 castra
856 1556 1074 1616 revertuntur.

194 1659 280 1724 LVI.
305 1659 396 1724 Dum
418 1659 504 1723 haec
527 1660 571 1722 ad
594 1657 738 1722 Ilerdam
753 1663 927 1743 geruntur,
950 1656 1177 1722 Massilienses
1216 1684 1224 1724 1

105 1767 159 1833 usi
181 1768 219 1838 L.
244 1765 383 1832 Domitii
414 1765 554 1830 consilio
577 1786 683 1830 naves
708 1766 827 1848 longas
855 1764 1036 1848 expediunt
1059 1783 1176 1826 nume-

105 1897 142 1939 ro
164 1874 275 1953 XVII,
300 1893 441 1957 quarum
466 1877 563 1936 erant
584 1873 635 1937 XI
663 1877 781 1937 tectae.
829 1871 935 1935 multa
957 1871 1024 1935 huo
1048 1869 1177 1934 minora
1214 1897 1232 1937 r.-

106 1981 244 2065 navigia
268 1982 406 2058 addunt,
436 1985 474 2044 ut
496 1979 572 2062 ipsa
593 1979 805 2046 multitudine
829 1984 943 2043 nostra
967 1977 1085 2042 classis
1108 1983 1176 2042 ter-⁴

106 2091 227 2150 reatur.
273 2105 434 2169 magnum
457 2107 632 2150 numerum
652 2086 910 2170 sagittariorum,
932 2106 1093 2169 magnum
1115 2085 1177 2150 Al-

19 2264 21 2270 ,
106 2190 269 2269 bieorum,
292 2191 333 2253 de
357 2189 478 2273 quibus
501 2210 604 2274 supra
632 2192 896 2256 demonstratum
921 2198 980 2271 est,
1003 2190 1179 2276 imponunt

107 2304 208 2381 atque
230 2296 292 2359 hos
314 2295 474 2380 praemiis
490 2295 850 2382 pollicitationibusque
872 2297 1022 2367 incitant.
1069 2304 1178 2363 certas
1214 2337 1231 2374 ,ετ

107 2403 172 2468 sibi
190 2404 341 2486 deposcit
362 2423 468 2467 naves
493 2403 660 2469 Domitius
683 2410 783 2490 atque
801 2407 863 2471 has
887 2405 1013 2471 colonis
1035 2405 1177 2490 pastori-

106 2510 246 2593 busque,
267 2529 350 2593 quos
380 2530 494 2574 secum
527 2510 720 2592 adduxerat,
749 2513 902 2597 complet.
950 2512 998 2577 sic
1020 2511 1177 2577 omnibus
1215 2548 1228 2587 τ

105 2617 206 2680 rebus
227 2616 392 2682 instructa
414 2615 521 2682 classe
542 2638 668 2702 magna
697 2620 819 2685 fiducia
842 2621 885 2684 ad
912 2624 1045 2685 nostras
1074 2639 1178 2683 naves

107 2725 300 2806 procedunt,
323 2724 444 2810 quibus
460 2733 614 2809 praeerat
632 2726 673 2792 D.
693 2728 826 2792 Brutus.
873 2727 937 2791 hae
962 2727 1006 2789 ad
1021 2725 1176 2802 insulam,

107 2850 193 2912 quae
217 2836 269 2896 est
290 2838 406 2896 contra
428 2831 625 2912 Massiliam,
648 2833 807 2899 stationes
831 2832 1034 2897 obtinebant.

197 2937 300 3006 LVII.
324 2939 404 3004 Erat
426 2938 531 3003 multo
554 2939 692 3004 inferior
718 2960 855 3004 numero
878 2939 1015 3002 navium
1039 2939 1176 3017 Brutus3
1217 2977 1227 3016 ς

107 3043 167 3106 sed
189 3041 311 3107 eleetos
335 3066 376 3108 ex
398 3045 553 3109 omnibus
574 3045 762 3128 legionibus
776 3045 974 3110 fortissimos
992 3045 1091 3123 viroS,
1115 3066 1177 3108 au-

108 3148 309 3231 tesignanos,
329 3149 549 3230 centuriones,
573 3150 750 3217 Caesarei
773 3150 874 3216 classi
892 3151 1097 3232 attribuerat,
1121 3152 1178 3236 qui

107 3255 172 3320 sibi
194 3255 228 3319 id
248 3256 396 3320 muneris
413 3258 686 3341 depoposcerant.
731 3257 767 3323 hi
789 3279 910 3322 manus
931 3260 1056 3323 ferreas
1079 3265 1177 3342 atque
1214 3299 1231 3338 ς

107 3365 317 3450 harpagones
339 3373 543 3448 paraverant
560 3386 749 3451 magnoque
772 3387 911 3432 numero
932 3367 1086 3451 pilorum,
1109 3373 1178 3432 tra-

107 3472 266 3558 gularum
297 3472 569 3558 reliquorumque
597 3474 739 3540 telorum
773 3495 810 3540 se
842 3473 1076 3539 instruxerant.
1131 3474 1179 3538 ita

108 3578 240 3663 cognito
264 3578 411 3644 hostiurn
434 3580 581 3645 adventu
605 3601 684 3645 suas
707 3601 813 3646 naves
839 3603 879 3645 ex
901 3585 1000 3664 portu
1023 3580 1179 3660 educunt,

108 3707 185 3751 cum
208 3685 474 3752 Massiliensibus
498 3687 690 3773 confligunt.
735 3692 924 3773 pugnatum
947 3693 997 3753 est
1014 3687 1180 3772 utrimque
1217 3727 1235 3768 3

108 3790 289 3858 fortissime
308 3798 409 3878 atque
426 3794 596 3863 acerrime.
644 3817 753 3882 neque
770 3797 913 3862 multum
933 3795 1048 3861 Albici
1059 3795 1193 3858 nestx'xs
