2768 4200
398 202 518 262 COMM.
542 204 593 259 ΙΙΙ.
614 202 696 260 CAP.
720 203 871 261 CI-ClV.
1124 204 1175 260 135

200 367 288 440 CIII,
312 366 441 450 Quibus
457 366 598 452 coguitis
614 368 714 434 rebus
730 367 908 454 Pompeius
923 365 1071 453 deposito
1095 369 1175 434 ade·
1200 380 1212 429 1

112 476 221 540 undae
256 474 373 562 Syriae
408 475 543 541 consilio
574 475 714 560 pecunia
746 476 912 542 societatis
938 475 1070 541 sublata
1100 481 1176 542 eta

111 583 311 669 quibusdam
334 583 472 669 privatis
500 589 632 669 sumpta
655 589 687 649 et
710 584 795 649 aeris
822 604 944 668 magno
967 584 1110 668 pondere
1133 585 1176 648 ad

112 690 288 756 militarem
312 711 409 754 usum
440 689 475 754 in
504 711 609 755 naves
639 689 792 775 imposito
822 693 1019 776 duobusque
1041 689 1176 756 milibus

111 800 280 866 hominum
299 799 447 880 armatis,
459 799 579 883 partim
599 821 681 884 quos
701 822 741 865 ex
757 799 890 865 familiis
906 799 1101 865 societatum
1118 801 1177 865 de-

113 909 249 993 legerat,
272 907 393 993 partim
417 929 437 972 a
461 905 721 991 negotiatoribus
745 912 908 992 coegerat,
935 905 1112 997 quos[que]
1137 929 1178 973 ex

112 1018 183 1084 suis
203 1016 343 1103 quisque
366 1019 410 1082 ad
425 1017 514 1081 hano
530 1038 599 1082 rem
613 1017 748 1082 idoneos
764 1018 984 1099 existimabat,
1007 1018 1176 1084 Pelusium

113 1125 272 1212 pervenit.
320 1124 366 1192 ibi
399 1146 480 1191 casu
508 1131 660 1191 rexerat
693 1126 915 1208 Ptolomaeus
950 1148 1032 1211 puer
1062 1131 1215 1208 aetate,2

113 1233 244 1319 magnis
263 1232 366 1318 copiis
383 1254 459 1298 cum
475 1253 584 1299 sorore
604 1233 780 1320 Cleopatra
797 1235 921 1300 bellum
934 1255 1061 1319 gerens,
1079 1255 1179 1318 quam

113 1341 230 1427 paucis
254 1347 331 1407 ante
354 1341 525 1407 mensibus
540 1363 598 1427 per
613 1363 690 1408 suos
706 1341 909 1428 propinquos
933 1347 1032 1427 atque
1056 1341 1180 1406 amicos

112 1469 214 1533 regno
239 1447 422 1532 expulerat3
445 1451 621 1531 castraque
644 1448 838 1532 Cleopatrae
860 1449 927 1512 non
949 1448 1049 1531 longo
1072 1447 1179 1532 spatio

113 1557 156 1620 ab
180 1553 251 1620 eius
274 1554 392 1621 castris
415 1554 594 1619 distabant.
640 1555 683 1620 ad
706 1577 782 1621 eum
814 1555 993 1639 Pompeius
1016 1555 1115 1635 misit,
1143 1561 1180 1622 ut
1203 1584 1216 1627 a

114 1684 172 1747 pro
195 1662 338 1747 hospitio
369 1667 468 1746 atque
502 1661 648 1727 amicitia
678 1662 783 1746 patris
813 1661 1018 1728 Alexandria
1051 1663 1179 1748 recipe-

113 1777 203 1836 retur
226 1776 325 1854 atque
348 1769 437 1835 illius
466 1768 586 1854 opibus
619 1768 654 1835 iu
678 1769 867 1837 calamitate
897 1775 1073 1855 tegeretur.
1120 1772 1216 1841 sedi

113 1877 170 1963 qui
193 1880 235 1943 ab
259 1900 297 1943 eo
321 1877 414 1943 missi
430 1882 533 1952 erant,
553 1877 702 1943 conlecto
717 1877 892 1963 legationis
915 1877 1022 1943 officio
1045 1877 1181 1943 liberius

114 2008 190 2052 cum
214 1985 373 2051 militibus
394 1985 484 2070 regis
516 1986 658 2070 colloqui
681 1991 862 2069 coeperunt
895 2007 1017 2070 eosque
1045 1985 1180 2069 hortari,

114 2101 151 2160 ut
173 2115 269 2158 suum
293 2094 436 2159 officium
461 2093 621 2177 Pompeio
645 2099 853 2178 praestarent
875 2116 960 2160 neve
984 2094 1055 2159 eius
1075 2095 1180 2160 fcrtu-

114 2224 191 2268 nam
211 2201 428 2287 despicerent.
474 2200 510 2266 in
531 2202 595 2267 hoc
611 2206 706 2268 erant
721 2224 857 2268 numero
876 2203 1064 2289 complures
1079 2203 1180 2269 Pom·
1203 2228 1217 2272 5

114 2310 168 2394 pei
185 2309 317 2390 militae,
341 2330 425 2394 quos
449 2331 490 2374 ex
514 2308 583 2374 eius
602 2309 747 2375 exercitu
771 2316 925 2395 acceptos
940 2310 974 2375 in
990 2310 1088 2398 Syria
1111 2311 1181 2378 Ga-

113 2418 225 2484 binius
249 2417 485 2482 Alexandriam
502 2417 735 2482 transduxerat
750 2419 904 2503 belloque
924 2418 1075 2485 conlecto
1092 2419 1181 2503 apud

113 2525 352 2602 Ptolomaeum,
375 2529 504 2607 patrem
520 2523 624 2607 puori,
643 2524 833 2608 reliquerat.

204 2631 290 2698 CIV.
313 2631 374 2696 His
391 2637 460 2696 tum
477 2629 619 2716 cognitis
635 2632 736 2696 rebus
760 2631 860 2697 amici
883 2632 983 2718 regis,
1008 2632 1065 2719 qui
1081 2654 1181 2718 prop·
1204 2659 1215 2704 1

114 2745 163 2806 ter
186 2744 328 2805 aetatem
352 2739 422 2805 eius
440 2739 474 2803 in
489 2737 721 2823 procuratione
738 2746 833 2805 erant
847 2741 953 2826 regni,
977 2741 1047 2807 sive
1066 2741 1181 2808 timore

115 2848 259 2928 adducti,
282 2854 320 2913 ut
341 2855 456 2932 postea
471 2846 718 2930 praedicabant,
736 2847 909 2913 sollicitato
929 2849 1073 2915 exercitu
1089 2850 1181 2935 regio

37 3001 40 3006 -
115 2982 155 3023 ne
174 2956 354 3040 Pompeius
378 2955 613 3021 Alexandriam
629 2958 887 3042 Aegyptumque
904 2965 1092 3042 occuparet,
1112 2959 1182 3025 sive

116 3068 272 3149 despecta
298 3063 370 3128 eius
394 3064 535 3144 fortuna,
568 3069 604 3128 ut
634 3063 830 3149 plerumque
857 3064 893 3129 in
928 3065 1117 3132 calamitate
1140 3089 1181 3132 ex

114 3172 231 3237 amicis
255 3170 382 3235 inimici
405 3170 579 3250 exsistunt,
603 3171 653 3244 iis,
673 3171 841 3257 quierant
864 3173 906 3237 ab
931 3194 969 3237 eo
992 3173 1098 3254 missi,
1122 3196 1182 3258 pa-

114 3280 182 3345 lam
213 3279 394 3345 liberaliter
428 3280 671 3363 respouderuut
699 3301 840 3364 eumque
864 3282 907 3345 ad
930 3302 1043 3366 regem
1068 3282 1182 3348 venire

115 3388 298 3466 iusserunt3
322 3385 386 3471 ipsi
409 3387 496 3451 clam
520 3385 657 3452 consilio
680 3386 760 3452 inito
784 3387 952 3454 Achillam
976 3390 1181 3473 praelectum
1204 3408 1217 3452 2

115 3495 265 3581 regium,
296 3493 458 3579 singulari
481 3494 652 3561 hominem
676 3495 827 3578 audacia,
862 3507 895 3563 et
917 3498 955 3564 L.
985 3497 1181 3584 Septimium

114 3607 283 3672 tribunum
300 3602 442 3668 militum
461 3605 505 3668 ad
521 3603 784 3670 interficiendum
796 3605 990 3690 Pompeium
1011 3606 1181 3672 miserunt.

115 3716 157 3779 ab
181 3713 235 3778 his
250 3711 429 3777 liberaliter
451 3710 522 3794 ipse
540 3710 725 3794 appellatus
745 3718 777 3777 et
791 3713 935 3796 quadam
960 3711 1076 3776 notitia
1099 3710 1180 3794 Sep·
1204 3732 1217 3775 a

116 3820 200 3896 timii
223 3822 416 3919 productus
440 3819 529 3919 quod
552 3819 637 3888 bello
654 3819 858 3914 praedonum
883 3820 973 3917 apud
996 3840 1071 3898 cum
1091 3819 1181 3897 ordi,
