2768 4200
399 220 519 279 COMM.
539 221 562 276 I.
586 220 669 279 CAP.
688 219 959 274 LXIX-LXXIII.
1182 215 1216 271 39

143 406 209 448 nou
222 384 465 463 subvenissent,
483 385 572 468 quod
590 384 631 446 de
645 382 728 446 colle
744 403 811 445 non
831 382 1037 460 decederent,
1051 381 1141 464 quod
1159 379 1216 443 vix

143 491 292 574 equitum
316 490 471 555 incursus
491 489 693 554 sustinerent
709 487 904 571 collatisque
926 487 960 551 in
979 508 1083 551 unum
1105 486 1215 550 locum

144 597 250 681 signis
285 596 424 661 conferti
457 617 566 679 neque
596 594 729 659 ordines
758 615 867 678 neque
896 593 994 678 signa
1028 599 1214 658 servarent.

145 704 233 786 quod
257 703 286 768 si
304 702 514 787 iniquitatem
532 701 598 765 loci
614 700 754 780 timeret,
772 702 887 764 datum
911 700 952 764 iri
974 705 1085 765 tamen
1108 721 1215 784 aequo
1237 714 1251 757 4

142 808 215 873 loco
238 809 413 893 pugnandi
435 808 639 887 facultatem,
664 807 753 890 quod
776 813 863 872 certe
885 807 963 871 inde
987 807 1215 871 decedendum
1289 811 1291 818 ’

144 924 232 982 esset
256 918 393 983 Afranio
416 939 478 983 nec
501 917 573 982 sine
596 938 684 1002 aqua
707 932 903 1002 permanere
926 920 1050 1001 posset.

234 1024 372 1088 LXXII.
390 1023 515 1088 Caesar
538 1023 572 1087 in
589 1045 662 1088 eam
679 1044 773 1107 spem
792 1028 939 1102 venerat,
959 1043 995 1087 se
1014 1021 1085 1087 siue
1100 1043 1214 1106 pugna
1238 1033 1248 1074 1

141 1133 177 1192 et
195 1127 266 1193 sine
281 1129 419 1194 vulnere
435 1150 572 1194 suorum
591 1151 661 1194 rem
677 1129 838 1195 conficere
856 1150 963 1213 posse,
983 1131 1073 1214 quod
1090 1150 1127 1193 re
1142 1129 1213 1193 sru-

143 1234 306 1300 mentaria
330 1235 542 1300 adversarios
565 1235 817 1300 interclusisset.
865 1257 925 1300 cur
943 1235 1043 1300 etiam
1066 1237 1213 1300 secundo
1236 1246 1250 1288 2

141 1341 265 1424 proelio
289 1341 418 1426 aliquos
451 1364 492 1406 ex
520 1342 589 1407 suis
619 1327 806 1409 amitteret?
837 1364 897 1408 cur
926 1341 1096 1408 vulnerari
1119 1349 1213 1427 patc-

140 1453 231 1511 retur
254 1447 376 1532 optime
400 1449 535 1514 meritos
560 1451 601 1513 de
624 1470 661 1514 se
685 1448 832 1514 milites?
854 1469 916 1514 cur
940 1448 1083 1533 denique
1107 1448 1214 1515 fortu-

140 1573 218 1618 nam
241 1554 509 1637 periclitaretur?
527 1556 724 1639 praesertim
743 1577 819 1621 cunr
835 1577 903 1621 neu
920 1557 1029 1622 minus
1048 1562 1134 1622 esset
1149 1556 1213 1622 im-

140 1663 301 1744 peratoris
336 1664 474 1728 consilio
511 1685 670 1748 superare
702 1686 803 1748 quarn
840 1664 962 1748 gladio.
1017 1665 1248 1728 movebatur3

139 1768 241 1834 etiarn
264 1770 494 1835 misericordia
518 1770 653 1850 civium,
685 1791 767 1855 quos
790 1770 1034 1835 interficiendos
1059 1769 1212 1847 videbat3

140 1876 262 1959 quibus
287 1878 391 1943 salvis
414 1882 514 1962 atque
537 1878 761 1942 incolumibus
789 1899 861 1942 rem
885 1877 1032 1942 obtinere
1056 1877 1212 1943 malebat.

140 1983 204 2047 boc
227 1984 404 2048 consilium
428 1984 581 2049 Caesaris
605 1984 773 2069 plerisque
796 2006 863 2048 non
894 1985 1117 2068 probabatur3
1148 1983 1211 2049 mi·
1236 1993 1248 2033 4

140 2088 214 2152 lites
234 2110 313 2153 vero
336 2090 449 2172 palam
468 2090 555 2154 inter
577 2111 613 2155 se
629 2090 860 2174 loquebantur,
886 2090 1043 2175 quoniam
1063 2090 1211 2156 talisoc-

138 2194 229 2258 casio
257 2194 418 2260 victoriae
447 2195 684 2273 dimitteretur,
713 2195 814 2260 etiam
842 2219 919 2262 cum
946 2197 1047 2265 vellet
1076 2197 1211 2278 Caesar,

138 2321 214 2366 sese
237 2321 304 2365 non
329 2322 402 2366 esse
424 2307 642 2386 pugnaturos.
689 2302 744 2367 ille
767 2302 801 2367 in
825 2324 888 2367 sua
911 2305 1074 2369 sententia
1096 2326 1210 2389 perse-

139 2414 235 2474 verat
258 2413 290 2474 et
312 2408 451 2492 paulum
475 2430 515 2472 ex
539 2429 577 2472 eo
599 2408 672 2473 loco
697 2410 897 2494 degreditur,
914 2418 951 2476 ut
972 2411 1125 2477 timorem
1150 2413 1211 2476 ad-

138 2514 296 2580 versariis
319 2514 457 2579 minuat.
504 2514 654 2579 Petreius
678 2520 778 2599 atque
794 2516 954 2581 Afranius
973 2517 1085 2582 oblata
1103 2517 1211 2582 facul·
1234 2525 1246 2564 ⁵

134 2617 205 2686 'tate
223 2621 259 2686 iu
278 2628 391 2688 castra
414 2643 487 2687 sese
510 2622 668 2687 referunt.
716 2621 842 2687 Caesar
859 2623 1033 2707 praesidiis
1057 2623 1091 2686 in
1115 2645 1210 2688 mon-

137 2728 226 2794 tibus
242 2730 413 2815 dispositis
432 2727 524 2795 omui
540 2731 584 2794 ad
601 2728 764 2794 Hiberum
777 2728 955 2794 intercluso
974 2728 1091 2794 itinere
1110 2750 1210 2812 qnam
1298 2742 1299 2745 ’

138 2836 286 2918 proxime
309 2842 418 2922 potest
437 2836 585 2902 hostium
604 2835 724 2902 castris
748 2844 858 2901 castra
882 2836 1073 2903 communit.

228 2942 384 3007 LXXHI.
407 2942 546 3008 Postero
570 2942 623 3007 die
649 2944 751 3007 duces
784 2943 1049 3025 adversariorum
1079 2948 1210 3026 pertur—
1236 2964 1241 3003 ι

141 3045 219 3125 bati,
244 3047 333 3130 quod
356 3068 490 3112 omnem
512 3047 561 3113 rei
585 3048 825 3113 frumentariae
849 3048 1061 3133 fluminisque
1094 3024 1209 3114 Hiberi

137 3172 233 3235 spem
257 3154 460 3234 dimiserant,
485 3154 526 3218 de
552 3153 688 3237 reliquis
721 3156 821 3218 rebus
849 3155 1092 3220 consultabant.
1139 3162 1245 3222 erata

138 3279 243 3323 unum
267 3250 338 3339 iter,
361 3258 505 3322 Ilerdam
529 3258 558 3322 si
580 3258 704 3322 reverti
732 3259 872 3338 velleut3
897 3260 1050 3340 alterum,
1075 3260 1103 3324 si
1126 3261 1208 3325 Tar-

136 3387 293 3432 raconem
311 3371 469 3449 petereut.
510 3365 594 3429 haec
606 3366 859 3431 consiliantibus
876 3367 917 3431 iis
926 3368 1096 3433 nuntiatur
1109 3390 1209 3453 aqua·

136 3481 223 3538 tores
247 3474 289 3537 ab
314 3471 465 3556 equitatu
480 3472 587 3555 premi
605 3480 728 3538 nostro.
775 3494 842 3557 qua
864 3474 1050 3558 recognita
1073 3476 1207 3540 crebras
1231 3503 1244 3544 a

136 3582 294 3646 stationes
319 3581 500 3665 disponunt
522 3582 669 3666 equitum
694 3589 725 3646 et
749 3582 933 3648 cohortium
954 3584 1135 3648 alariarum
1158 3585 1208 3651 le-

134 3689 369 3774 gionariasque
393 3689 583 3755 intericiunt
615 3691 782 3788 cohortesl
799 3691 993 3776 vallumque
1023 3714 1063 3757 ex
1091 3693 1208 3758 castris

135 3796 180 3860 ad
203 3817 327 3881 aquam
351 3798 471 3863 ducere
494 3796 669 3881 incipiunt,
694 3804 730 3862 ut
745 3797 833 3862 intra
848 3799 1065 3863 munitionem
1090 3806 1123 3864 et
1138 3801 1213 3862 siue
