2768 4200
262 225 297 281 36
625 228 678 282 DE
699 229 824 285 BELLO
845 228 967 285 elvini

225 394 360 474 tgusta
390 389 611 473 excipiebant.
657 393 718 457 hos
754 399 882 457 montes
913 391 1036 456 intrare
1066 392 1267 475 cupiebant,
1299 402 1337 457 ut

260 496 446 581 equitatum
470 497 654 580 effugerent
677 498 830 563 Caesaris
852 499 1093 583 praesidiisque
1109 499 1143 562 in
1168 501 1336 584 angustiis

260 603 429 667 collocatis
445 604 624 668 exercitum
640 604 756 668 itinere
775 605 997 688 prohiberent,
1016 605 1080 689 ipsi
1098 605 1171 671 sine
1187 607 1337 689 periculo

223 729 236 769 u
259 730 300 774 ac
315 707 434 775 timore
449 709 612 774 Hiberum
628 711 742 794 copias
759 714 1019 778 transducerent.
1067 715 1157 798 quod
1180 713 1244 778 fuit
1266 714 1335 779 illis

259 817 450 881 cenandum
479 822 578 900 atque
608 818 697 881 omni
727 817 855 883 ratione
888 817 1117 898 efficiendnm3
1151 821 1210 884 sed
1232 821 1336 886 tetius

258 921 326 987 diei
343 943 458 1006 pugna
478 929 577 1006 atque
593 922 721 986 itineris
739 923 853 989 labore
877 924 1001 990 defessi
1016 946 1087 989 rem
1103 925 1137 989 iu
1162 931 1335 1009 posterum

260 1029 350 1096 diem
373 1030 582 1140 di'stulerunt.
630 1029 754 1094 Caesar
778 1052 909 1115 quoque
933 1032 966 1095 iu
990 1031 1142 1116 proximo
1167 1033 1250 1097 colle
1275 1056 1336 1098 ca-

260 1143 329 1203 stra
350 1137 453 1221 ponit.

225 1263 236 1304 1
348 1244 469 1308 LXVI.
493 1243 606 1308 Media
631 1243 762 1308 circiter
784 1250 880 1309 nocte
903 1245 954 1325 iis,
978 1245 1036 1329 qui
1059 1246 1206 1330 aquandi
1230 1267 1338 1311 causa

258 1350 392 1433 longius
416 1371 436 1414 a
459 1350 577 1414 castris
600 1357 843 1433 processerant,
859 1352 902 1414 ab
926 1351 1092 1435 equitibus
1116 1352 1276 1436 correptis
1299 1353 1338 1420 fit

260 1458 302 1521 ab
317 1456 371 1520 his
389 1456 508 1522 certior
523 1456 648 1521 Caesar
664 1458 765 1522 duces
790 1457 1056 1523 adversariorum
1072 1458 1202 1523 silentio
1219 1460 1337 1544 copias

259 1565 377 1629 castris
401 1567 550 1630 educere.
598 1586 663 1648 quo
687 1565 820 1648 cognito
837 1565 973 1649 signum
992 1566 1064 1630 dari
1087 1566 1178 1631 iubet
1201 1573 1233 1631 et
1249 1589 1337 1635 vasa

223 1689 236 1731 r
260 1671 395 1736 militari
418 1694 509 1736 mere
531 1672 745 1737 conclamari.
791 1672 840 1737 illi
872 1674 1028 1739 exaudito
1052 1675 1197 1741 clamore
1223 1676 1336 1759 veriti,

259 1803 301 1846 ne
324 1787 425 1845 noctu
455 1781 604 1866 impediti
628 1783 690 1847 sub
715 1803 814 1847 onere
847 1784 1024 1867 confligere
1055 1790 1253 1867 cogerentur·
1276 1793 1337 1851 aut

259 1910 302 1952 ne
323 1890 365 1953 ab
385 1888 534 1972 equitatu
553 1888 709 1953 Caesaris
727 1888 762 1952 in
779 1889 943 1973 angustiis
960 1895 1160 1970 tenerentur,
1179 1891 1241 1957 iter
1258 1915 1335 1978 sup-

223 2010 236 2050 3
258 1996 406 2080 primunt
429 1996 608 2082 copiasque
631 1995 665 2059 in
683 1995 802 2061 castris
819 1997 997 2061 continent.
1043 2005 1175 2083 postero
1199 1999 1253 2064 die
1268 2001 1336 2066 Pe-

259 2103 362 2169 treius
382 2126 459 2168 oum
483 2104 599 2188 paucis
623 2103 790 2188 equitibus
813 2105 941 2169 occulte
965 2106 1007 2168 ad
1031 2107 1236 2189 exploranda
1259 2108 1335 2175 loca

259 2210 488 2292 proficiscitur.
535 2211 599 2274 hoc
622 2209 713 2274 idem
736 2210 773 2275 lit
796 2235 836 2277 ex
855 2212 973 2276 castris
996 2212 1166 2277 Caesaris:
1190 2212 1336 2279 mittitur

258 2318 296 2381 L.
322 2317 481 2382 Decidius
513 2317 601 2380 Saxa
634 2339 712 2381 cum
741 2318 866 2400 paucis,
899 2318 956 2401 qui
986 2317 1050 2382 loci
1077 2324 1232 2383 naturam
1256 2341 1335 2403 per-

223 2437 237 2477 4
260 2424 388 2508 spiciat.
435 2429 572 2507 uterque
595 2423 685 2488 idem
709 2424 778 2488 suis
795 2425 979 2488 renuntiat:
1003 2425 1034 2488 V
1056 2425 1149 2490 milia
1171 2447 1335 2509 passuum

214 2588 217 2592 ,
259 2531 412 2615 proxima
447 2530 651 2594 intercedere
680 2529 808 2594 itineris
836 2531 1042 2614 campestris
1070 2530 1147 2597 inde
1179 2534 1336 2618 excipere

258 2640 333 2703 loca
357 2657 475 2720 aspera
494 2642 527 2700 et
550 2641 746 2714 montuosa3
771 2635 827 2718 qui
842 2635 933 2719 prior
948 2637 1010 2700 has
1034 2638 1207 2721 augustias
1230 2660 1335 2706 eccu-

258 2744 397 2830 paverit‚
421 2745 465 2808 ab
488 2744 551 2807 hoc
574 2743 705 2806 hostem
727 2741 894 2825 prohiberi
917 2743 1003 2806 nihil
1027 2765 1100 2809 esse
1124 2746 1259 2830 negotii.

223 2873 234 2913 1
304 2854 441 2919 LXVII.
466 2853 663 2936 Disputatur
685 2851 719 2914 in
745 2851 882 2915 oonsilio
911 2873 930 2915 a
952 2851 1083 2917 Petreio
1108 2860 1207 2938 atque
1229 2856 1335 2921 Afra-

258 2961 312 3024 nio
329 2966 361 3025 et
377 2967 508 3043 tempus
524 2957 747 3043 profectionis>
759 2956 937 3041 quaeritur.
973 2959 1122 3043 plerique
1139 2963 1334 3043 censebant,

258 3072 295 3131 ut
318 3072 420 3130 noctu
442 3066 503 3131 iter
526 3066 688 3129 facerent:
713 3085 810 3148 posse
833 3061 924 3147 prius
947 3065 991 3127 ad
1015 3065 1190 3148 angustias
1213 3066 1335 3145 veniri,

222 3192 235 3232 n
259 3195 360 3258 quarn
384 3172 569 3238 sentiretur.
618 3171 684 3252 alii,
708 3173 797 3257 quod
821 3169 930 3254 pridie
958 3177 1059 3236 noctu
1086 3173 1334 3239 conclamatum

258 3287 348 3346 esset
369 3280 405 3344 in
429 3280 583 3345 Caesaris
607 3279 734 3360 castris
759 3278 947 3363 argumenti
967 3281 1145 3344 sumebant
1167 3281 1240 3346 loco
1264 3304 1334 3347 non

222 3405 357 3473 aposse
386 3388 473 3452 clam
505 3387 596 3452 exiri.
644 3386 866 3451 circumfundi
897 3392 997 3451 noctu
1030 3387 1215 3471 equitatum
1246 3388 1334 3456 Cae-

258 3496 342 3560 saris
368 3500 468 3579 atque
491 3494 603 3559 omnia
625 3494 699 3558 loca
731 3499 830 3577 atque
853 3493 973 3559 itinera
996 3493 1168 3575 obsidere3
1193 3503 1334 3562 noctur-

258 3621 366 3683 naque
390 3599 516 3683 proelia
548 3620 620 3664 esse
644 3598 792 3679 vitanda,
828 3601 918 3683 quod
949 3601 1141 3683 perterritus
1171 3603 1267 3668 miles
1297 3605 1335 3670 in

259 3707 350 3772 civili
372 3706 580 3773 dissensione
604 3707 713 3771 timori
737 3706 845 3791 magis
862 3729 964 3791 quam
979 3707 1133 3791 religioni
1157 3711 1333 3776 consulere

223 3836 237 3878 4
258 3815 434 3880 consuerit.
475 3819 509 3879 at
531 3815 605 3878 luce
628 3815 770 3878 multum
793 3835 890 3898 posse
913 3817 1074 3899 pudorem
1093 3816 1158 3881 sub
1183 3817 1334 3886 omniurn
