2768 4200
413 221 534 282 COMM.
552 221 606 281 III.
625 220 710 278 CAP.
728 220 889 276 IV-VllI.
1153 221 1189 276 79

114 382 292 468 omniaque
316 404 357 447 ex
379 381 519 446 victoria
547 386 643 446 etex
676 401 738 446 sua
765 380 964 447 liberalitate
995 392 1188 466 sperarent,

114 489 402 554 conclamantibus
433 488 600 568 omnibus
623 487 813 571 imperaret,
837 488 927 570 quod
948 488 1057 568 vellet,
1080 490 1188 573 quod·
1210 512 1234 554 a·

113 585 257 680 cumque
279 594 524 680 imperavisset,
548 616 585 659 se
607 615 713 679 aequo
738 594 849 658 animo
873 616 946 659 esse
964 595 1120 669 facturos
1142 594 1186 663 II.

113 703 199 768 Non.
217 703 288 774 Ian,
313 723 419 767 naves
442 702 551 772 solvit.
597 700 784 784 impositae,
807 708 844 767 ut
862 723 965 786 supra
979 703 1187 767 demonstra·
1210 727 1234 770 a.

113 818 184 876 tum
207 817 268 890 est,
291 809 440 894 legiones
470 809 543 878 VII.
590 807 751 893 postridie
773 814 897 873 terram
920 808 1031 893 attigit
1054 809 1186 876 Germi-

112 921 255 987 niorum.
312 919 401 984 Saxa
426 919 520 983 inter
552 924 586 984 et
622 917 688 982 alia
719 919 794 982 loca
820 918 1008 1002 periculosa
1040 919 1187 1004 quietam

110 1033 231 1092 nactus
254 1025 441 1103 stationem,
468 1031 501 1089 et
528 1030 644 1108 portus
667 1046 784 1090 omnes
813 1024 942 1105 timens
966 1026 1056 1109 quod
1082 1025 1187 1090 teneri

110 1135 154 1199 ab
178 1132 381 1198 adversariis
411 1131 646 1212 arbitrabatur,
671 1133 815 1198 adeum
845 1132 966 1212 locum,
992 1132 1049 1216 qui
1072 1133 1187 1217 appel-

110 1242 244 1307 labatur
266 1241 431 1319 Palaeste,
455 1239 610 1304 omnibus
637 1239 783 1305 navibus
815 1241 983 1306 adunam
1007 1240 1185 1305 incolumi-

108 1351 172 1415 bus
195 1347 317 1414 milites
339 1346 501 1431 exposuit.

200 1455 275 1520 VII.
299 1455 405 1520 Erant
437 1451 531 1519 Orici
564 1453 740 1520 Lucretius
772 1454 924 1538 Vespillo
955 1460 987 1521 et
1016 1454 1185 1521 Minucius
1209 1486 1228 1528 1:

109 1565 218 1628 Rufus
240 1583 317 1628 curn
352 1562 512 1627 Asiaticis
545 1562 691 1627 navibus
714 1562 841 1641 XVIII,
866 1564 987 1647 quibus
1019 1564 1114 1629 iussu
1143 1565 1183 1630 D.

112 1670 218 1736 Laelii
240 1675 427 1755 praeerant,
447 1668 493 1734 Μ.
512 1667 653 1733 Bibulus
677 1690 754 1734 curn
769 1669 913 1733 navibus
929 1669 992 1735 CX
1006 1669 1183 1756 Corcyrae.

111 1778 174 1841 sed
197 1797 305 1861 neque
328 1775 378 1840 illi
405 1775 470 1840 sibi
493 1774 610 1839 confisi
633 1796 675 1839 ex
705 1781 802 1859 portu
832 1774 966 1858 prodire
997 1781 1076 1840 suut
1099 1777 1181 1859 ausi,
1206 1805 1231 1847 2-

110 1905 187 1948 cum
211 1882 337 1948 Caesar
359 1882 495 1947 omnino
517 1880 586 1945 XII
609 1902 715 1946 naves
737 1882 856 1965 longas
879 1880 1044 1964 praesidio
1068 1882 1184 1946 duxis-

113 1994 173 2067 set,
189 1989 225 2052 in
250 1989 372 2073 quibus
396 1994 491 2053 erant
523 1993 712 2052 constratae
738 1988 797 2066 IV,
820 2009 928 2072 neque
952 1986 1091 2053 Bibulus
1114 1989 1180 2053 im--
1206 2019 1231 2072 3.

111 2095 233 2178 peditis
257 2095 402 2159 navibus
424 2094 650 2179 dispersisque
672 2094 856 2178 remigibus
875 2095 957 2160 satis
980 2102 1107 2161 mature
1126 2118 1183 2161 oc-

112 2197 225 2282 currit,
257 2204 346 2287 quod
384 2201 479 2286 prius
511 2203 554 2266 ad
584 2202 809 2267 continentem
839 2203 933 2268 visus
963 2210 1014 2270 est
1040 2204 1184 2285 Caesar,

110 2311 278 2396 quamde
312 2310 384 2374 eius
414 2311 563 2374 adventu
594 2310 687 2374 lama
716 2309 850 2374 omnino
878 2310 913 2375 iu
947 2332 1005 2377 eas
1032 2312 1185 2396 regiones

109 2418 319 2502 perferretur,

198 2525 290 2596 VIII.
314 2522 483 2609 Expositis
505 2522 667 2588 militibus
684 2545 789 2591 naves
813 2528 929 2591 eadem
953 2533 1049 2592 nocte
1073 2527 1182 2592 Brun·
1206 2549 1217 2590 r

109 2633 232 2699 disium
251 2656 272 2698 a
292 2633 440 2698 Caesare
463 2631 686 2709 remittuntur,
703 2639 739 2698 ut
753 2634 899 2720 reliquae
921 2635 1071 2719 legiones
1087 2639 1181 2720 equi-

108 2746 265 2824 tatusque
295 2738 515 2825 transportari
544 2745 691 2823 possent.
738 2740 818 2805 huic
841 2742 949 2806 officio
972 2743 1181 2825 praepositus
1204 2761 1217 2803 a

105 2850 179 2917 ,orat
196 2845 309 2910 Fufius
325 2846 470 2911 Calenus
488 2845 632 2930 legatus,
652 2848 710 2931 qui
730 2847 931 2912 celeritatem
954 2847 989 2911 in
1012 2852 1181 2932 transpor-

108 2948 220 3014 tandis
242 2950 430 3034 legionibus
446 2951 630 3018 adhiberet.
677 2954 736 3017 sed
760 2953 865 3017 serius
889 2974 909 3017 a
928 2959 1016 3018 terra
1040 2974 1180 3037 provec-

107 3065 160 3120 tae
184 3077 288 3121 naves
311 3079 419 3140 neque
442 3078 522 3121 usae
546 3065 712 3124 nocturna
727 3080 809 3123 aura
832 3059 866 3123 in
882 3062 1052 3125 redeundo
1075 3062 1181 3126 offen-

107 3165 237 3228 derunt.
261 3163 401 3228 Bibulus
417 3164 506 3228 enim
523 3164 694 3251 Corcyrae
712 3165 832 3230 certior
845 3165 955 3232 factus
971 3168 1013 3232 de
1032 3169 1180 3234 adventu
1203 3186 1216 3227 a

106 3271 260 3337 Caesaris
285 3291 423 3355 sperans
448 3270 547 3335 alicui
571 3293 607 3336 se
630 3272 719 3355 parti
742 3279 936 3338 onustarum
960 3276 1098 3340 navium
1122 3297 1179 3340 oc-

106 3400 240 3444 currere
262 3400 360 3463 posse
383 3378 541 3443 inanibus
564 3378 708 3443 occurrit
726 3384 759 3443 et
782 3387 901 3446 nactus
925 3382 1057 3448 circiter
1078 3383 1180 3448 XXX

103 3484 136 3547 in
161 3504 219 3547 eas
242 3482 471 3567 indiligentiae
503 3505 583 3548 suae
615 3504 655 3547 ac
687 3485 808 3549 doloris
840 3486 1048 3552 iracundiam
1072 3489 1180 3572 erupit

104 3611 287 3676 omnesque
320 3591 469 3656 incendit
499 3593 683 3674 eodemque
706 3591 783 3675 igue
808 3600 928 3659 nautas
961 3595 1180 3680 dominosque

103 3699 242 3764 navium
265 3699 431 3764 interfecit
455 3698 686 3787 magnitudine
702 3720 829 3782 poenae
852 3700 996 3784 reliquos
1021 3703 1178 3767 deterreri

103 3823 253 3888 sperans.
299 3805 364 3869 hoc
380 3806 532 3871 consecto
547 3804 718 3890 negotioa
741 3805 875 3870 Sasonis
899 3808 941 3872 ad
967 3809 1077 3874 Curici
1102 3831 1178 3892 por·
1202 3828 1217 3868 r
