2768 4200
189 235 308 293 COllIM.
329 234 350 287 Ι.
372 231 455 286 ΟΛΡ.
474 228 654 284 LXXXVII.
675 225 794 282 COMM.
815 226 851 280 II.
872 225 955 282 CAP.
975 224 1077 279 I-IV.
1132 225 1169 281 49

99 401 265 466 sustinere
288 405 431 485 possent.
479 420 610 464 asseres
634 397 723 462 enirn
741 398 864 481 pedum
887 396 955 460 XII
978 395 1173 480 cuspidibus
1196 409 1209 450 ‘2

102 508 241 594 praefixi
264 514 363 592 atque
391 508 426 571 lri
458 506 614 571 maximis
645 505 787 571 ballistis
811 503 906 569 missi
930 526 990 589 per
1019 509 1174 589 quattuor

101 616 235 679 ordines
259 615 401 679 cratium
424 615 459 678 in
482 621 570 678 terra
586 613 826 697 deligebantur.
872 612 986 696 itaque
1000 611 1174 696 pedalibus
1197 620 1211 664 ⁸

103 721 205 805 lignis
239 721 426 786 coniunctis
454 720 540 785 inter
571 742 608 784 se
631 720 777 803 porticus
803 720 1050 802 integebantur,
1074 723 1175 801 atque
1246 724 1252 745 ”

103 830 169 894 hac
197 849 302 913 agger
330 828 415 893 inter
437 849 558 892 manus
589 826 830 910 proferebatur.
877 827 1096 891 antecedebat
1124 833 1210 892 te-4

102 938 203 1001 stude
233 937 356 1019 pedum
389 935 450 998 LX
480 933 646 1017 aequandi
673 933 738 997 loci
770 952 884 1011 causa,
908 933 998 996 facta
1020 931 1100 996 item
1133 954 1175 995 ex

103 1043 294 1108 fortissimis
312 1042 423 1126 ligniS,
441 1041 619 1106 convoluta
635 1039 790 1104 omnibus
807 1040 918 1119 rebuS,
942 1038 1065 1123 quibus
1087 1038 1177 1122 ignis

103 1154 213 1218 iactus
236 1157 268 1216 et
290 1151 419 1234 lapides
445 1149 580 1214 defendi
602 1154 747 1233 possent.
794 1149 854 1212 sed
876 1147 1072 1231 magnitudo
1095 1168 1176 1230 ope·
1199 1158 1212 1198 ⁵

103 1281 189 1339 rum,
213 1258 351 1323 altitudo
375 1257 462 1321 muri
490 1262 596 1340 atque
619 1256 771 1335 turrium,
794 1254 972 1319 multitudo
996 1260 1176 1320 tormento-

104 1387 180 1430 rum
197 1385 328 1429 cmnem
347 1362 668 1428 administrationem
684 1364 873 1428 tardabant.
920 1363 1059 1427 crebrae
1075 1361 1176 1427 etiam
1199 1371 1212 1411 6

104 1494 164 1557 per
186 1471 324 1535 Albicos
347 1455 535 1554 eruptiones
567 1470 691 1535 fiebant
714 1493 754 1535 ex
778 1470 901 1554 oppido
926 1470 1088 1554 ignesque
1116 1490 1177 1554 ag-

102 1577 178 1662 geri
196 1583 228 1641 et
249 1575 394 1641 turribus
417 1576 662 1657 inferebantur3
687 1599 773 1662 quae
806 1577 906 1643 facile
928 1577 1033 1642 nostri
1057 1576 1177 1641 milites

105 1684 311 1767 repellebant
335 1683 533 1768 magnisque
556 1686 642 1750 ultro
666 1684 767 1749 illatis
799 1685 1004 1749 detrimentis
1028 1705 1095 1764 ecs,
1121 1684 1179 1768 qui

102 1792 311 1877 eruptionem
334 1792 492 1872 fecerant,
515 1793 550 1856 in
573 1793 731 1877 oppidum
756 1792 947 1858 reiciebant.

196 1897 256 1961 ΠΙ.
276 1896 413 1962 Interim
425 1897 463 1962 L.
482 1897 640 1962 Nasidius
659 1899 702 1962 ab
719 1899 780 1963 On.
797 1898 957 1983 Pompeio
978 1919 1054 1963 cum
1071 1899 1179 1963 classe
1203 1921 1213 1962 1

106 2002 245 2066 navium
261 2004 353 2083 XVI,
370 2003 541 2087 inquibus
559 2026 687 2088 paucae
706 2013 803 2071 erant
818 2012 961 2085 aeratae,
980 2008 1017 2076 ll.
1034 2004 1180 2070 Domitio

107 2108 442 2193 Massiliensibusque
466 2111 614 2175 subsidio
639 2111 761 2176 missus
786 2112 871 2176 freto
896 2111 1031 2177 Siciliae
1055 2111 1180 2194 impru-

105 2217 209 2280 dente
232 2221 332 2299 atque
354 2217 546 2300 inopinante
575 2217 720 2284 Curione
743 2218 938 2303 pervehitur
966 2220 1181 2304 appulsisque
1202 2242 1216 2283 2

108 2322 300 2387 Messanam
324 2323 467 2387 navibus
481 2331 581 2409 atque
596 2323 672 2390 inde
696 2331 830 2410 propter
853 2327 1065 2410 repentinum
1080 2333 1182 2393 terrc-

109 2450 181 2494 rem
193 2429 381 2513 principum
398 2450 438 2494 ac
456 2438 593 2496 senatus
609 2432 692 2516 fuga
706 2432 798 2498 facta
810 2455 932 2499 navem
950 2457 990 2499 ex
1004 2435 1183 2500 navalibus

105 2559 224 2602 eorum
244 2537 388 2607 deducit.
435 2538 499 2603 hac
519 2539 678 2606 adiuncta
693 2542 736 2604 ad
750 2541 896 2625 reliquas
920 2562 1024 2605 naves
1047 2562 1183 2605 cursum
1205 2562 1219 2604 a

109 2643 296 2708 Massiliam
318 2664 436 2710 versus
464 2645 594 2729 perficit
623 2646 874 2731 praemissaque
904 2647 992 2712 clam
1026 2647 1184 2711 navicula

111 2736 294 2815 Domitium
310 2750 606 2837 Massiliensesque
625 2754 666 2816 de
681 2773 741 2816 suo
758 2754 906 2818 adventu
925 2754 1081 2819 certiores
1104 2753 1187 2817 facit

108 2878 234 2939 eosque
258 2879 464 2942 magnopere
482 2859 643 2939 hortatur,
659 2865 696 2924 ut
718 2881 835 2925 rursus
859 2882 936 2924 cum
959 2860 1054 2926 Bruti
1078 2860 1186 2927 classe

110 2962 235 3026 additis
255 2964 324 3027 suis
350 2964 486 3029 auxiliis
513 2966 706 3050 confligant.

202 3071 259 3133 IV.
292 3069 521 3136 Massilienses
545 3078 620 3155 post
642 3071 797 3155 superius
820 3071 1068 3138 incommodum
1091 3080 1184 3139 vete·
1213 3095 1222 3136 1

111 3197 165 3240 res
188 3178 232 3240 ad
255 3177 398 3241 eundern
422 3198 598 3242 numerum
615 3200 656 3243 ex
674 3178 852 3243 navalibus
876 3181 1057 3263 productas
1080 3202 1185 3246 naves

110 3284 296 3348 refecerant
311 3303 507 3367 summaque
519 3283 682 3350 industria
697 3294 910 3351 armaverant
923 3289 1109 3373 (remigum,
1122 3311 1186 3373 gu-

111 3391 327 3454 bernatorum
346 3408 470 3472 magua
482 3389 580 3473 copia
593 3391 803 3480 suppetebat)
815 3392 1081 3479 piscatoriasque
1098 3396 1184 3460 adie·
1210 3416 1223 3457 2

111 3502 226 3560 cerant
248 3501 348 3580 atque
372 3501 595 3577 contexerant,
615 3503 653 3562 ut
675 3503 785 3563 essent
809 3501 853 3564 ab
871 3498 941 3563 ictu
965 3500 1106 3566 telorum
1130 3523 1183 3566 re-

111 3603 219 3688 miges
243 3603 313 3671 tuti.
362 3604 424 3668 has
448 3603 628 3688 sagittariis
658 3604 896 3690 tormentisque
920 3608 1182 3692 compleverunt.

111 3710 171 3774 tali
194 3712 292 3775 modo
316 3711 480 3776 instructa
502 3712 620 3792 classe,
644 3711 793 3776 omnium
824 3712 1013 3795 seniorum,
1038 3721 1181 3782 matrum
1205 3737 1219 3777 a

113 3818 270 3898 familiae,
299 3820 469 3903 virginum
486 3820 651 3909 precibus
675 3827 708 3885 et
735 3821 813 3886 fletu
848 3821 1006 3902 excitati,
1037 3829 1197 3886 extremo

168 3938 232 3983 Caes.
248 3955 322 3983 comm.
339 3942 365 3982 dc
381 3940 440 3984 bello
457 3942 501 3985 clv.
1153 3938 1171 3974 ⁸²
