2768 4200
376 215 496 272 COMM.
516 215 553 270 11.
575 214 658 270 CAP.
678 212 958 269 XXXII-XXXV.
1176 213 1212 269 69

135 382 356 442 monstratum
387 381 448 456 est,
480 397 546 440 non
581 376 628 440 ita
656 395 790 459 magna,
822 380 857 440 at
889 371 1019 440 difficili
1050 380 1083 440 et
1105 376 1209 440 arduo

135 506 287 549 ascensu.
334 484 425 549 hanc
450 489 600 568 uterque,
624 483 654 547 si
684 484 953 548 adversariorum
978 483 1094 566 copiae
1117 489 1209 549 tran-

135 593 200 657 sire
225 598 443 668 conarentur,
478 593 715 675 exspectabat,
744 612 809 676 quo
837 592 992 676 aequiore
1015 592 1090 657 loco
1114 613 1211 676 proe-

135 700 218 764 lium
242 700 465 766 committeret
476 749 574 770 .....
599 698 699 763 simul
722 700 765 763 ab
783 697 915 763 sinistro
940 720 1046 763 cornu
1072 698 1110 762 P.
1128 697 1211 764 Attii
1233 713 1246 755 2

136 809 306 892 equitatus
329 808 438 872 omnis
461 814 494 873 et
514 827 582 870 una
609 805 693 870 levis
717 811 906 870 armaturae
929 805 1096 871 interiecti
1120 827 1212 871 com-

136 914 259 998 plureS,
283 935 361 979 cum
385 936 421 979 se
443 913 621 979 invallem
649 912 871 991 demitterent,
896 913 1128 977 cernebantur.
1169 913 1212 976 ad
1233 926 1247 968 3

138 1042 195 1087 eos
229 1021 330 1086 Curio
366 1021 550 1106 equitatum
586 1026 619 1084 et
652 1021 737 1083 duas
765 1018 1033 1083 Marrucinorum
1061 1019 1212 1084 cohortes

138 1124 248 1190 mittit.
296 1146 438 1210 quorum
468 1124 613 1208 primum
637 1122 799 1206 impetum
823 1123 952 1206 equites
975 1122 1123 1187 hostium
1145 1142 1213 1186 non

138 1232 296 1311 tulerunt,
319 1233 379 1296 sed
401 1230 558 1296 admissis
582 1229 677 1314 equis
701 1231 744 1294 ad
767 1250 846 1294 suos
869 1230 1084 1314 refugerunt3
1107 1228 1213 1293 relicti

140 1341 183 1404 ab
207 1340 270 1419 his,
295 1339 351 1424 qui
375 1362 442 1405 una
474 1343 709 1425 procurrerant
737 1337 822 1401 levis
846 1342 1044 1415 armaturae,
1067 1336 1213 1401 circum-

139 1445 362 1513 veniebantur
379 1453 479 1531 atque
498 1445 783 1510 interficiebantur
806 1446 849 1509 ab
872 1445 1007 1510 nostris.
1053 1445 1121 1510 huc
1145 1450 1214 1510 tota

138 1554 220 1618 Vari
236 1576 398 1620 conversa
417 1554 507 1620 acies
522 1575 601 1618 suos
616 1552 733 1637 fugere
752 1558 785 1618 et
800 1551 932 1617 concidi
954 1552 1100 1616 videbat.
1142 1558 1213 1617 tum
1235 1578 1249 1620 4

139 1660 275 1724 Rebilus
297 1660 431 1745 legatus
455 1659 620 1739 Caesarie,
649 1679 749 1743 quem
773 1658 873 1724 Curio
896 1680 1013 1724 secum
1037 1681 1078 1722 ex
1101 1655 1214 1723 Sicilia

140 1768 291 1842 duxerat,
311 1768 401 1852 quod
419 1787 581 1851 magnum
600 1767 726 1831 habere
741 1786 840 1830 usum
862 1765 897 1829 in
919 1787 955 1829 re
978 1764 1113 1829 militari
1132 1764 1213 1828 scie-

140 1875 208 1952 bat,
232 1875 465 1958 ‘perterritum
477 1876 495 1956 ’,
524 1875 641 1958 inquit,
673 1874 825 1938 ‘hostem
849 1872 955 1951 vides,
987 1871 1107 1937 Curio:
1132 1871 1213 1956 quid

140 1979 275 2043 dubitas
299 1980 349 2044 uti
371 1979 529 2063 temporis
545 1978 829 2063 opportrrnitate?’
853 1977 909 2042 ille
928 1998 1032 2041 unum
1053 1978 1212 2057 elocutuS,
1236 2005 1249 2047 5

140 2089 177 2146 ut
201 2084 360 2148 memoria
383 2084 679 2175 tenerent-milites
697 2104 746 2168 ea,
771 2104 858 2168 quac
881 2082 986 2168 pridie
1006 2082 1070 2148 sibi
1093 2083 1212 2149 confir-

141 2194 306 2269 massent,
336 2190 431 2274 sequi
465 2210 539 2254 sese
570 2190 662 2256 iubet
696 2195 729 2254 et
759 2190 944 2274 praecurrit
979 2196 1055 2256 ante
1087 2212 1212 2256 omnes,

140 2296 289 2380 adeoque
312 2300 383 2360 erat
405 2294 564 2379 impedita
593 2295 706 2375 vallis·
729 2301 766 2360 ut
788 2292 824 2359 in
847 2316 989 2361 ascensu
1012 2296 1078 2361 nisi
1100 2296 1213 2362 suble-

139 2402 209 2467 vati
232 2425 253 2468 a
276 2403 347 2469 suis
370 2403 471 2488 primi
489 2425 555 2469 non
579 2404 677 2470 facile
694 2383 909 2470 eniterentur.
956 2406 1015 2469 sed
1031 2426 1249 2490 praeoccu·e

138 2520 238 2597 patus
273 2513 405 2578 animus
437 2513 648 2578 Attianorum
683 2514 823 2580 militum
855 2515 973 2580 timore
1003 2521 1036 2579 et
1069 2515 1152 2599 fuga
1182 2521 1214 2579 et

139 2623 241 2687 caede
264 2644 403 2688 suorum
437 2621 521 2686 nihil
544 2624 585 2686 de
609 2621 793 2689 resistendo
823 2624 1003 2707 cogitabat,
1032 2643 1214 2707 omnesque

139 2730 206 2794 iam
230 2751 266 2795 se
289 2731 332 2795 ab
356 2728 508 2814 equitatu
532 2729 769 2795 circumveniri
792 2729 1054 2794 arbitrabantur.
1100 2728 1213 2812 itaque

140 2836 336 2920 priusquam
360 2835 463 2901 telum
487 2835 584 2901 ‘abici
607 2843 720 2920 posset
743 2842 802 2902 aut
824 2835 927 2900 nostri
950 2834 1088 2919 propius
1116 2855 1213 2898 acce-

141 2940 265 3020 derent,
289 2941 399 3006 omnis
433 2941 514 3007 Vari
543 2940 632 3006 acies
661 2947 757 3026 terga
785 2942 887 3007 vertit
910 2962 1012 3025 seque
1043 2940 1079 3005 in
1103 2946 1213 3006 castra

140 3046 274 3129 recepit.

229 3152 371 3218 XXXV.
397 3150 473 3233 Qua
499 3152 534 3216 in
557 3153 640 3238 fuga
662 3153 787 3218 Fabius
810 3153 992 3238 Paelignus
1016 3154 1154 3240 quidam
1172 3175 1212 3219 ex
1236 3183 1247 3225 1

139 3258 262 3323 infimis
286 3257 459 3323 ordinibus
483 3259 525 3322 de
552 3258 699 3325 exercitu
728 3258 883 3325 Curionis
914 3261 1060 3345 primum
1089 3282 1212 3346 agmen

138 3365 339 3449 fugientium
365 3369 565 3430 consecutus
588 3385 713 3449 magna
735 3387 819 3431 voce
841 3367 969 3434 Varum
992 3368 1126 3434 nomine
1154 3389 1212 3452 ap·

137 3473 269 3556 pellans
292 3472 492 3558 requirebat,
515 3473 565 3537 uti
587 3495 675 3539 unus
706 3494 779 3538 esse
809 3496 849 3539 ex
882 3475 954 3542 eius
983 3476 1145 3541 militibus
1180 3482 1213 3541 et

137 3601 272 3645 monere
295 3579 421 3664 aliquid
443 3581 530 3646 vella
553 3602 594 3647 ao
617 3583 727 3649 dicere
750 3583 929 3657 videretur.
975 3584 1034 3650 ubi
1057 3585 1113 3650 ille
1135 3605 1211 3650 sae·
1234 3613 1249 3654 2

136 3688 214 3772 pius
231 3689 417 3774 appellatus
438 3689 584 3773 respexit
598 3710 639 3755 ae
654 3691 775 3758 rest'tit
790 3699 831 3772 et,
849 3692 923 3776 quis
947 3698 1034 3758 esset
1057 3698 1115 3758 aut
1130 3692 1211 3779 quid

137 3794 252 3876 vellet,
284 3796 461 3882 quaesivit,
490 3818 641 3863 umerum
664 3812 815 3882 apertum
841 3799 953 3885 gladio
977 3799 1103 3885 appetit
1125 3822 1214 3882 pau·
