2768 4200
208 199 260 256 134
570 198 621 255 DE
642 195 765 254 BELLO
786 195 905 253 CIVILI

207 388 271 451 que
291 364 445 431 Caesaris
479 364 734 431 arbitrabantur.
781 363 901 450 quibus
935 363 1036 430 rebus
1067 359 1208 449 cognitis
1232 383 1272 430 ex

206 470 259 535 his
281 471 363 536 locis
385 470 523 538 Cassius
540 493 616 537 cunr
632 471 737 536 classe
755 469 917 536 discessit.

172 598 182 640 1
297 578 368 643 CH.
393 578 516 644 Caesar
539 577 692 643 omnibus
717 579 817 643 rebus
845 577 970 644 relictis
1004 578 1270 664 persequendum

208 685 272 752 sibi
293 686 490 770 Pompeium
527 687 739 767 existimavit,
779 707 1008 772 quascumque
1031 686 1066 752 in
1089 691 1200 771 partes
1230 708 1272 752 ex

208 796 289 880 luga
312 816 348 861 se
366 795 556 879 recepisset,
580 817 622 860 ne
645 815 761 860 rursus
785 793 898 879 copias
916 816 1109 880 comparare
1132 794 1215 860 alias
1239 800 1272 859 et

208 903 330 968 bellum
366 924 526 968 renovare
561 909 681 988 posset.
728 902 775 969 ita
809 909 1115 988 quantumcumque
1143 902 1271 972 itineris

209 1011 357 1098 equitatu
380 1013 509 1079 efficere
537 1018 674 1098 poterat,
710 1013 829 1080 cotidie
861 1013 1135 1099 progrediebatur
1166 1012 1273 1099 legio-

208 1142 349 1205 nemque
383 1141 484 1184 unam
527 1119 708 1184 minoribus
755 1119 928 1186 itineribus
964 1120 1123 1206 subsequi
1163 1119 1271 1199 iussit.

172 1233 278 1293 cerat
315 1225 460 1291 edictum
493 1225 633 1309 Pompei
664 1226 797 1291 nomine
830 1227 1023 1313 Amphipoli
1049 1227 1272 1312 propositum,

208 1332 257 1398 uti
290 1353 406 1398 omnes
435 1332 507 1397 eius
541 1332 733 1417 provinciae
767 1334 927 1415 iuniores,
964 1334 1084 1402 Graeci
1115 1335 1274 1422 civesque

172 1441 358 1521 chomani,
381 1440 513 1505 iurandi
536 1461 639 1506 causa
671 1443 894 1509 convenirent.
941 1443 1000 1507 sod
1030 1448 1140 1509 utrum
1175 1463 1274 1508 aver·

208 1551 327 1618 tendae
343 1548 538 1634 suspicionis
556 1569 657 1616 causa
672 1551 851 1638 Pompeius
866 1551 1102 1637 proposuisset,
1121 1556 1157 1616 nt
1171 1572 1274 1636 quam

209 1656 393 1724 diutissime
410 1656 570 1743 longioris
593 1659 693 1743 sagae
717 1659 888 1724 consilium
911 1660 1101 1740 occultaret,
1120 1680 1163 1724 an
1178 1659 1274 1724 novis

209 1765 395 1847 dilectibus,
419 1766 567 1831 sinemo
590 1772 762 1850 premeret,
785 1767 1015 1834 Macedoniam
1039 1773 1149 1833 tenere
1172 1788 1273 1833 oona-

172 1881 307 1955 rrctur,
341 1873 523 1940 existimari
559 1895 625 1939 non
656 1880 794 1960 poterat.
839 1874 910 1959 ipse
937 1876 981 1939 ad
1015 1895 1172 1941 ancoram
1206 1897 1274 1941 una

208 1988 303 2049 nocte
319 1982 465 2048 constitit
488 1989 521 2048 et
543 1983 672 2049 vocatis
696 1984 738 2049 ad
762 2005 797 2049 se
815 1982 1008 2067 Amphipoli
1030 1982 1218 2069 hospitibus
1242 1990 1275 2050 et

208 2092 348 2176 pecnnia
372 2094 415 2157 ad
438 2092 644 2158 necessarios
661 2097 813 2177 sumptus
830 2097 1006 2176 corrogata
1030 2094 1163 2179 cognito
1186 2093 1273 2161 Cae·

208 2199 292 2265 saris
316 2201 463 2265 adventu
486 2222 527 2264 ex
554 2222 592 2264 eo
614 2199 687 2265 loco
717 2200 866 2267 discessit
895 2207 927 2266 et
949 2201 1129 2288 Mytilenas
1154 2204 1271 2289 paucis

171 2322 184 2364 ὁ
209 2308 324 2372 diebus
347 2308 448 2372 venit.
495 2307 635 2373 biduum
658 2313 853 2392 tempestate
868 2314 1014 2376 retentus
1037 2307 1272 2401 navibuslquel

208 2414 280 2479 aliis
304 2413 426 2480 additis
460 2414 617 2480 actuariis
651 2414 685 2478 in
709 2415 862 2480 Ciliciam
894 2421 994 2500 atque
1021 2415 1099 2481 inde
1123 2415 1272 2503 Cyprum

172 2536 184 2578 o
210 2522 365 2605 pervenit.
417 2520 464 2587 ibi
499 2521 670 2607 cognoscit
704 2543 866 2587 consensu
897 2522 1044 2588 omnium
1068 2522 1272 2589 Antiochen-

207 2629 294 2694 sium
329 2629 518 2716 civiumque
551 2631 797 2706 Romanorum,
826 2630 883 2715 qui
916 2630 983 2696 illic
1011 2631 1272 2717 negotiarentur,

207 2758 316 2801 arcem
341 2742 472 2821 captam
497 2757 569 2802 esse
586 2737 781 2801 excludendi
804 2737 857 2801 sui
876 2758 978 2802 causa
1001 2739 1198 2824 nuntiosque
1221 2737 1273 2803 di·

207 2843 325 2909 missos
349 2845 392 2909 ad
411 2867 477 2927 eos,
501 2844 557 2930 qui
580 2865 614 2910 se
638 2867 679 2910 ex
702 2844 784 2928 suga
806 2843 842 2908 in
864 2844 1023 2911 finitimas
1047 2846 1199 2913 civitates
1221 2868 1275 2913 re·

207 2951 335 3035 cepisse
358 2951 553 3033 dicerentur,
586 2974 628 3016 ne
660 2951 875 3017 Antiochiam
900 2952 1045 3019 adirent:
1065 2953 1100 3019 id
1122 2954 1150 3019 si
1174 2954 1274 3020 secis-

206 3066 289 3140 sent,
313 3081 435 3145 magno
459 3081 573 3126 eorum
591 3060 708 3145 capitis
727 3059 872 3145 periculo
896 3060 1054 3127 futurum.
1101 3060 1189 3126 idem
1211 3063 1276 3128 hoc

206 3168 243 3231 L.
269 3165 420 3247 Lentulo,
436 3166 493 3252 qui
511 3165 678 3250 superiore
702 3188 789 3231 anno
809 3166 925 3232 consul
942 3168 1059 3248 suerat,
1084 3174 1116 3235 et
1131 3167 1168 3239 P.
1187 3169 1276 3234 Len-

208 3276 275 3340 tulo
299 3275 466 3340 consulari
489 3297 529 3340 ac
558 3275 724 3341 nonnullis
757 3276 830 3341 aliis
860 3277 1029 3342 acciderat
1063 3276 1188 3343 Rhodi:
1221 3279 1277 3363 qui

207 3404 283 3448 cnm
307 3405 348 3448 ex
371 3385 454 3469 suga
477 3383 674 3468 Pompeium
701 3389 918 3470 sequerentur
946 3390 1045 3468 atque
1076 3385 1111 3450 in
1133 3385 1276 3452 insulam

207 3490 383 3572 venissent,
407 3491 527 3575 oppido
551 3511 591 3556 ao
618 3496 714 3575 portu
736 3491 862 3576 recepti
891 3513 958 3556 non
982 3498 1077 3559 erant
1101 3493 1286 3579 missisque

209 3600 252 3663 ad
275 3619 331 3664 eos
355 3599 491 3680 nuntiis,
516 3620 558 3663 ex
588 3598 639 3663 his
663 3598 744 3664 locis
769 3598 986 3680 discederent,
1017 3605 1133 3665 contra
1155 3601 1276 3666 volun-

173 3723 184 3765 r
208 3710 310 3770 tatem
334 3726 430 3770 suam
454 3699 558 3770 naves
581 3704 772 3781 solverunt„
808 3705 941 3790 iamque
965 3708 1014 3794 ,de
1038 3707 1192 3778 Caesaris
1216 3710 1276 3782 ad-

208 3818 312 3881 ventu
335 3813 426 3882 fama
449 3815 493 3881 ad
509 3812 660 3884 civitates
682 3814 918 3904 perferebatur.
