2768 4200
187 196 239 252 100
548 201 599 254 DE
619 201 744 257 BELLO
766 197 886 254 CIVILI

151 376 159 415 1
275 358 380 422 XLII.
415 358 593 442 Pompeius
616 359 818 425 interclusus
840 359 1028 445 Dyrrachio
1053 362 1111 426 ubi
1134 384 1259 447 propo-

185 465 286 529 situm
314 471 427 530 tenere
456 486 521 528 non
555 465 678 548 potuit,
714 468 861 544 secundo
893 487 973 531 usus
1005 467 1143 532 consilio
1168 469 1256 535 edito

184 574 271 653 loco,
306 572 362 656 qui
394 572 578 657 appellatur
611 574 711 638 Petra
742 574 935 657 aditumque
971 574 1075 639 habet
1109 575 1256 641 navibus

184 680 385 744 mediocrem
402 686 501 764 atque
521 701 578 744 eas
594 701 613 744 a
629 681 829 764 quibusdam
847 681 989 766 protegit
1006 684 1127 762 ventis
1144 690 1255 749 castra

146 802 160 842 a
185 785 375 850 communit.
423 807 461 849 eo
477 791 606 868 partem
622 786 759 851 navium
775 786 951 870 longarum
976 786 1163 867 convenire,
1184 789 1255 854 lru-

184 898 333 957 mentum
358 897 647 978 commeatumque
671 895 713 957 ab
737 894 820 958 Asia
838 900 939 977 atque
963 895 1117 959 omnibus
1141 896 1253 980 regio-

146 1018 160 1058 a
183 1000 292 1080 nibus,
309 1021 393 1085 quas
408 1002 551 1079 tenebat,
568 1001 767 1084 comportari
785 1001 937 1084 imperat.
977 1000 1102 1066 Caesar
1120 1002 1254 1086 longius

182 1108 306 1172 bellum
330 1109 468 1173 ductum
502 1108 543 1171 iri
567 1108 761 1173 existimans
784 1115 816 1173 et
840 1110 881 1173 de
904 1108 1029 1172 Italicis
1057 1110 1252 1175 commeati-

182 1217 244 1279 bus
279 1217 470 1298 desperans
501 1217 590 1299 quod
624 1222 718 1280 tanta
752 1215 925 1300 diligentia
960 1216 1071 1279 omnia
1102 1217 1199 1281 litora
1232 1239 1253 1282 a

181 1323 391 1407 Pompeianis
420 1324 637 1402 tenebantur,
665 1323 857 1408 classesque
886 1323 1000 1407 ipsius,
1028 1344 1112 1407 quas
1142 1323 1252 1389 hieme

181 1431 215 1494 in
239 1429 361 1509 Sicilia,
386 1429 505 1509 Gallia,
525 1429 622 1494 Italia
645 1430 779 1508 fecerat,
803 1431 1029 1507 morabantur.
1053 1429 1086 1492 in
1110 1429 1248 1512 Epirum
1279 1477 1282 1484 -

179 1536 227 1601 rei
250 1535 486 1601 frumentariae
510 1556 613 1601 causa
636 1536 676 1618 Q.
699 1536 833 1601 Tillium
857 1543 890 1601 et
912 1537 949 1602 L.
974 1535 1169 1602 Canuleium
1200 1537 1251 1602 le-

179 1649 295 1724 gatum
315 1643 413 1724 misit,
429 1645 585 1729 quodque
601 1646 664 1709 hae
681 1645 834 1729 regiones
851 1649 989 1710 aberant
1002 1644 1144 1729 lougius,
1167 1645 1250 1710 locis

179 1751 277 1816 certis
305 1751 426 1815 horrca
453 1751 621 1817 constituit
651 1764 872 1837 vecturasque
903 1752 1061 1818 frumenti
1098 1753 1249 1819 finitimis

142 1873 155 1912 4
181 1860 371 1926 civitatibus
395 1860 573 1945 discripsit.
619 1861 699 1926 item
722 1862 817 1926 Lisso
849 1861 1085 1945 Parthinisque
1113 1867 1145 1926 et
1175 1884 1249 1926 om-

178 1968 277 2033 nibus
301 1968 446 2034 castellis
470 1971 558 2054 quod
589 1976 678 2034 esset
700 1969 858 2034 frumenti
886 1969 1036 2054 conquiri
1059 1969 1167 2034 iussit.
1212 1969 1248 2035 id

140 2087 154 2127 ·'›
179 2082 249 2140 crat
266 2075 483 2162 perexiguum
507 2097 583 2141 cum
606 2075 713 2159 ipsius
729 2076 801 2160 agri
819 2084 949 2156 natura,
966 2076 1054 2160 quod
1076 2081 1155 2140 sunt
1171 2076 1248 2142 loca

177 2207 295 2270 aspera
319 2206 358 2250 ac
382 2191 556 2249 montuosa
574 2206 613 2249 ac
630 2185 824 2270 plerumque
847 2186 1013 2249 frumento
1028 2189 1164 2249 utuntur
1182 2185 1247 2249 irn-

177 2299 315 2375 portato,
335 2300 406 2356 tum
430 2294 518 2375 quod
540 2293 721 2376 Pompeius
751 2293 835 2356 haec
857 2291 1058 2375 providerat
1089 2297 1122 2355 et
1145 2313 1247 2376 supe-

175 2399 316 2463 rioribus
351 2398 468 2463 diebus
503 2400 647 2481 praedae
679 2399 751 2462 loco
778 2397 957 2462 Parthinos
981 2397 1144 2463 habuerat
1173 2398 1246 2464 fru-

176 2512 389 2589 mentumque
405 2526 502 2569 omne
518 2505 741 2589 conquisitum
754 2505 903 2590 spoliatis
916 2505 1110 2589 effossisque
1130 2527 1246 2572 eorum

176 2612 329 2676 domibus
347 2633 406 2695 per
429 2612 556 2694 equites
579 2619 809 2698 comportarat.

138 2729 149 2768 1
263 2718 385 2783 XLIII.
405 2718 535 2800 Quibus
559 2719 659 2782 rebus
678 2718 821 2803 cognitis
844 2719 969 2784 Caesar
985 2719 1159 2783 consilium
1185 2740 1244 2784 ca-

174 2825 223 2908 pit
246 2849 286 2891 cx
317 2825 382 2890 loci
403 2832 531 2892 natura.
579 2831 673 2890 erant
696 2826 784 2890 enirn
812 2826 938 2891 circum
966 2833 1076 2892 castra
1105 2828 1245 2912 Pompei

173 2934 328 3015 permulti
347 2931 426 2997 editi
451 2940 550 3018 atque
573 2932 682 3016 asperi
705 2933 816 2998 oclles.
863 2934 924 2997 hos
948 2935 1091 3017 primum
1115 2935 1244 3019 praesi-

135 3049 149 3090 2'
174 3040 236 3105 diis
261 3040 366 3106 tenuit
389 3041 592 3125 castellaque
615 3040 662 3104 ibi
685 3039 896 3119 communiit3
927 3041 1014 3121 inde,
1037 3046 1074 3106 ut
1094 3042 1159 3107 loci
1183 3065 1244 3107 cu-

171 3149 290 3233 iusque
313 3155 432 3213 natura
455 3149 592 3226 serebat,
612 3169 653 3211 ex
670 3148 804 3213 castello
826 3147 860 3211 in
885 3147 1057 3212 castellum
1081 3150 1243 3232 perducta

171 3255 354 3319 munitione
376 3255 628 3320 circumvallare
651 3255 848 3339 Pompeium
872 3256 1016 3321 instituit
1039 3257 1122 3321 haec
1142 3279 1241 3341 spec-

133 3366 256 3442 arans,
291 3363 380 3446 quod
415 3369 616 3446 angustare
651 3364 869 3428 frumentaria
899 3365 1052 3429 utebatur
1084 3366 1241 3451 quodque

169 3469 348 3552 Pompeius
373 3469 583 3534 multitudine
607 3471 757 3553 equitum
773 3472 916 3552 valebat,
940 3494 1006 3556 quo
1029 3472 1156 3538 minore
1180 3496 1240 3557 pe-

170 3575 273 3640 riculo
291 3576 435 3660 undique
451 3578 654 3641 frumentum
672 3586 959 3665 commeatumque
983 3580 1140 3645 exercitui
1160 3602 1240 3665 sup-

130 3690 144 3732 4
170 3689 301 3765 portare
319 3683 441 3768 poeset,
465 3677 574 3760 simul,
594 3685 643 3750 uti
668 3687 880 3770 pabulatione
904 3687 1099 3771 Pompeium
1123 3688 1239 3771 prohi-

168 3791 261 3854 beret
296 3791 546 3883 equitatumque
574 3794 653 3884 'eius
688 3796 731 3858 ad
760 3817 830 3860 reni
870 3796 1050 3879 gerendam
1086 3796 1240 3860 inutilem
