2768 4200
173 187 208 243 38
537 187 589 242 DE
609 189 734 245 BELLO
757 189 880 245 CIVILI

172 367 276 425 arma,
294 353 395 430 atque
408 367 523 410 omnes
541 347 656 431 copiae
671 349 789 432 paucis
802 350 968 433 praesidio
984 351 1106 417 relictis
1123 353 1245 417 cohor-

172 455 261 519 tibus
285 457 406 518 exeunt
428 458 584 539 rectoque
608 457 653 519 ad
675 455 836 520 Hiberum
859 457 974 523 itinere
993 460 1208 523 contendunt.

139 585 148 626 1
260 561 366 626 LXX.
393 561 475 626 Erat
497 561 532 626 in
563 562 732 627 celeritate
764 585 861 627 omne
888 564 1033 648 positum
1065 570 1246 646 certamen,

172 669 237 733 utri
256 668 348 753 prius
369 667 542 752 angustias
570 676 765 754 montesque
788 677 1007 754 occuparent3
1035 673 1094 736 sed
1117 673 1247 737 exerci-

172 784 245 842 tum
264 777 418 842 Caesaris
442 777 574 841 viarum
598 777 810 842 difficultates
834 780 1022 859 tardabant,
1041 780 1175 844 Afranii
1191 802 1248 845 co-

137 907 150 948 2
172 884 245 968 pias
262 885 428 968 equitatus
448 883 602 948 Caesaris
618 883 798 967 insequens
814 885 1016 949 morabatur.
1062 907 1114 950 res
1131 891 1246 952 tamen

172 994 214 1057 ab
239 993 432 1058 Afranianis
447 994 514 1057 huc
530 1000 602 1059 erat
622 993 809 1058 necessario
834 994 989 1074 deducta,
1012 999 1058 1074 ut,
1075 993 1104 1059 si
1119 994 1247 1078 priores

171 1106 312 1180 montes,
337 1122 420 1184 quos
443 1101 611 1183 petebant,
635 1100 833 1184 attigissent,
858 1101 924 1185 ipsi
946 1102 1134 1186 periculum
1158 1102 1248 1168 vita-

170 1216 253 1289 rent,
276 1208 514 1292 impedimenta
533 1207 634 1273 totius
650 1208 815 1272 exercitus
836 1209 1055 1292 cohortesque
1073 1207 1247 1274 incastris

170 1316 304 1382 relictas
323 1336 459 1381 servare
473 1337 539 1378 non
562 1321 715 1399 possent3
737 1315 858 1399 quibus
881 1315 1072 1380 interclusis
1096 1317 1247 1381 exercitu

135 1423 326 1488 aCaesaris
349 1421 510 1487 auxilium
534 1421 613 1486 ferri
635 1421 727 1486 nulla
758 1421 885 1487 ratione
917 1427 1055 1505 poterat.
1102 1421 1247 1487 confecit

170 1529 259 1615 prior
281 1529 345 1594 iter
368 1529 493 1594 Caesar
508 1533 607 1612 atque
622 1551 663 1592 ex
683 1528 815 1613 magnis
831 1527 969 1612 rupibus
993 1532 1112 1592 nactus
1134 1528 1245 1611 plani-

170 1638 251 1704 tiem
273 1637 308 1702 iu
340 1639 406 1703 hac
437 1644 554 1703 contra
583 1637 714 1702 hostem
743 1636 850 1701 aciem
881 1635 1025 1700 instruit.
1072 1636 1245 1717 Afranius

171 1768 248 1811 cum
271 1746 314 1813 ab
332 1745 480 1830 equitatu
496 1744 716 1810 novissimum
735 1765 857 1828 agmen
873 1750 1087 1827 premeretur,
1112 1748 1188 1807 ante
1207 1765 1245 1808 se

135 1871 148 1913 4
170 1855 301 1918 hostem
319 1854 458 1933 videret,
481 1853 601 1917 collem
616 1854 785 1937 quendam
801 1857 921 1917 nactus
936 1851 983 1917 ibi
999 1849 1153 1916 constitit.
1201 1872 1244 1915 ex

172 1981 209 2025 eo
233 1961 306 2024 loco
329 1960 378 2024 IV
401 1965 622 2025 caetratorum
636 1960 789 2024 cohortes
805 1959 839 2023 in
862 1965 1019 2038 montem,
1042 1956 1099 2041 qui
1121 1962 1193 2020 erat
1208 1957 1244 2021 in

172 2073 352 2149 conspectu
383 2067 531 2131 omnium
564 2066 820 2145 excelsissimus
844 2065 954 2131 mittit.
1001 2065 1093 2129 hunc
1120 2084 1244 2148 magno

171 2195 272 2237 cursu
296 2174 479 2239 concitatos
503 2174 594 2239 iubet
609 2194 782 2258 occupare,
800 2194 838 2236 eo
854 2172 1003 2247 oonsilio,
1027 2170 1075 2236 uti
1098 2169 1170 2254 ipse
1185 2191 1244 2236 eo-

171 2281 248 2344 dem
271 2279 426 2345 omnibus
450 2281 554 2365 copiis
573 2282 786 2345 contenderet
810 2286 842 2344 et
866 2283 992 2343 mutato
1015 2277 1133 2341 itinere
1154 2276 1244 2361 iugis

134 2386 375 2470 50otogesam
397 2388 599 2471 perveniret.
646 2389 744 2452 Hunc
768 2408 845 2451 cum
870 2386 1002 2469 obliquo
1025 2384 1141 2449 itinere
1165 2406 1243 2449 cac-

79 2512 82 2519 ’
170 2492 248 2558 trati
265 2498 424 2577 peterent,
449 2493 661 2577 conspicatus
678 2493 846 2578 equitatus
863 2493 1019 2558 Caesaris
1036 2492 1071 2556 in
1089 2492 1244 2558 cohortes

172 2598 333 2682 impetum
357 2599 454 2685 faeit;
478 2620 541 2663 nec
560 2598 733 2662 minimam
757 2603 887 2680 partem
910 2598 1069 2682 temporis
1094 2598 1244 2682 equitum

169 2707 239 2771 vim
264 2706 404 2771 caetrati
432 2706 593 2770 sustinere
622 2696 801 2789 potuerunt
824 2725 1006 2790 omnesque
1037 2705 1079 2768 ab
1095 2700 1097 2704 ’
1111 2705 1153 2769 iis
1176 2705 1243 2769 cir·

170 2814 340 2879 cumventi
358 2814 393 2877 in
414 2818 594 2896 conspectu
613 2811 786 2894 utriusque
802 2811 967 2875 exercitus
990 2810 1244 2876 interficiuntur.

135 2939 145 2980 1
258 2920 380 2985 LXXI.
397 2920 478 2984 Erat
493 2919 625 2982 occasio
644 2918 729 2982 bene
744 2918 911 3002 gerendae
934 2916 991 2981 rei.
1038 2937 1148 3002 neque
1163 2938 1244 2982 vero

169 3029 205 3091 id
228 3027 408 3092 Caesarem
431 3025 591 3110 fugiebat,
620 3030 712 3089 tanto
746 3026 808 3090 sub
840 3024 945 3090 ocutis
973 3030 1110 3107 accepto
1140 3023 1243 3089 detri-

169 3141 280 3200 mento
302 3135 514 3219 perterritum
538 3132 720 3198 exercitum
737 3133 901 3198 sustinere
924 3154 991 3196 non
1014 3152 1121 3215 posse,
1145 3152 1244 3215 prae·

169 3243 284 3308 sertim
299 3242 542 3307 circumdatum
559 3241 706 3325 undique
726 3240 885 3325 equitatu,
904 3261 980 3304 cum
992 3240 1027 3303 in
1046 3239 1118 3304 looo
1136 3260 1244 3324 aequo

170 3355 270 3432 atque
282 3355 395 3431 aperto
412 3346 663 3430 confligeretur;
681 3344 782 3432 idque
799 3368 840 3410 ex
859 3346 1014 3411 omnibus
1032 3344 1183 3429 partibus
1200 3346 1244 3409 ab

133 3473 147 3515 2
169 3476 207 3518 oo
230 3455 454 3536 flagitabatur.
501 3454 745 3518 concurrebant
767 3452 878 3537 legati,
903 3451 1113 3518 centuriones
1136 3450 1243 3516 tribu-

169 3560 269 3644 nique
293 3559 456 3624 militum:
480 3582 522 3625 ne
547 3559 715 3625 dubitaret
737 3559 901 3643 proelium
923 3557 1145 3637 committere;
1170 3577 1243 3620 orn-

134 3684 147 3727 a
170 3665 261 3730 nium
277 3686 353 3737 esse.
365 3665 508 3730 militum
524 3664 754 3749 paratissimos
773 3665 912 3730 animos.
944 3662 1144 3729 Afranianos
1162 3684 1242 3727 con-

170 3777 222 3837 tra
240 3772 354 3838 multis
369 3774 470 3839 rebus
487 3772 609 3837 summi
627 3771 754 3836 timoris
774 3771 871 3856 signa
888 3771 1041 3836 misisse:
1064 3773 1152 3855 quod
1171 3768 1242 3834 suis
