2768 4200
202 195 238 249 72
569 195 621 250 DE
641 192 767 250 BELLO
788 193 910 250 CIVILI

166 355 303 426 onullis
341 355 514 421 ordinibus
547 356 672 440 passim
707 356 936 421 consederant.
999 355 1061 420 hos
1096 376 1280 441 oppressos

202 486 320 530 somno
348 471 381 529 et
414 465 584 549 dispersos
619 464 727 529 adorti
758 484 921 548 magnum
951 485 1065 529 eorum
1095 483 1276 528 numerum

201 573 418 654 interficiunt,
444 573 541 638 multi
566 572 731 657 perterriti
758 571 965 656 profugiunt.
1013 593 1078 658 quo
1113 573 1203 637 sacto
1230 574 1274 636 ad

202 680 381 746 Curionem
405 681 532 766 equites
555 685 766 746 revertuntur
797 679 1017 764 captivosque
1049 681 1093 743 ad
1118 700 1195 744 eum
1218 699 1277 742 re·

203 790 340 854 ducunt.

169 923 179 963 1
292 895 454 961 XXXIX.
478 894 579 960 Curio
602 915 680 960 cum
703 892 857 958 omnibus
881 892 987 977 copiis
1015 900 1134 977 quarta
1157 892 1283 977 vigilia

168 1030 181 1071 a
204 1003 329 1068 exierat
351 1002 542 1067 cohortibus
565 1002 596 1066 V
619 1000 739 1066 castris
754 999 922 1083 praesidio
940 1000 1074 1066 relictis
1120 1020 1278 1083 progres-

204 1130 262 1174 sus
285 1108 376 1174 milia
399 1130 561 1192 passuum
579 1109 627 1172 VI
649 1107 777 1192 equites
795 1108 961 1188 convenit,
980 1130 1050 1174 rem
1073 1114 1202 1192 gestam
1220 1129 1283 1172 co-

204 1216 331 1302 gnovit.
378 1238 396 1281 e
420 1215 563 1298 captivis
593 1213 731 1298 quaerit,
761 1215 836 1298 quis
865 1214 983 1280 castris
1019 1216 1063 1279 ad
1086 1215 1278 1299 Bagradam

169 1350 182 1392 a
204 1324 349 1409 praesit:
395 1324 596 1406 respondent
622 1321 815 1387 Saburram.
861 1321 989 1407 reliqua
1012 1322 1121 1388 studio
1150 1321 1284 1386 itineris

205 1430 403 1497 conficiendi
426 1448 586 1513 quaerere
609 1428 841 1512 praetermittit
855 1428 1074 1512 proximaque
1092 1427 1282 1512 respiciens

205 1538 312 1622 Signa,
333 1535 538 1613 ‘videtisne'
554 1536 670 1619 inquit,
689 1535 842 1614 “milites
867 1535 1075 1619 captivorum
1096 1537 1278 1601 orationem

205 1667 282 1711 oum
298 1642 448 1728 perfugis
464 1643 671 1712 convenire?
691 1644 809 1708 abesse
831 1664 955 1727 regem,
972 1643 1111 1728 exiguas
1127 1665 1201 1709 esse
1220 1665 1281 1709 co-

205 1751 279 1836 pias
303 1750 435 1831 missas,
459 1770 546 1834 quae
570 1749 686 1833 paucis
709 1749 877 1834 equitibus
900 1770 998 1832 pares
1028 1771 1102 1814 esse
1126 1772 1192 1814 non
1216 1772 1281 1834 po-

205 1855 354 1921 tuerint?
377 1855 516 1939 proinde
540 1856 776 1938 adpraedam,
801 1856 844 1919 ad
866 1855 1008 1940 gloriam
1031 1862 1217 1940 properate,
1242 1867 1281 1920 ut

205 1964 272 2028 iam
297 1965 338 2028 de
361 1963 517 2047 praemiis
539 1962 661 2027 vestris
685 1967 717 2026 et
740 1962 782 2026 de
804 1963 978 2027 reserenda
1000 1962 1109 2046 gratia
1131 1962 1284 2045 cogitare

170 2095 184 2136 4
205 2070 425 2154 incipiamus)
450 2075 544 2135 erant
563 2090 621 2152 per
637 2090 672 2134 se
696 2091 830 2155 magna,
847 2092 932 2155 quae
947 2076 1124 2155 gesserant
1140 2071 1282 2156 equites

205 2176 400 2259 praesertim
423 2171 500 2241 cum
520 2196 632 2239 eorum
653 2176 793 2260 exiguus
812 2199 971 2242 numerus
989 2200 1067 2243 cum
1082 2184 1176 2244 tanta
1191 2179 1282 2243 mul-

205 2283 346 2349 titudine
369 2282 590 2348 Numidarum
614 2285 842 2364 [conferretum
872 2286 957 2349 haec
984 2291 1097 2350 tamen
1129 2287 1172 2350 ab
1196 2285 1286 2369 ipsis

206 2390 353 2454 inflatius
377 2392 733 2471 commemorabantur,
749 2397 786 2457 ut
809 2393 850 2456 de
867 2391 937 2456 suis
955 2392 1107 2456 homines
1122 2393 1287 2458 laudibus

171 2521 184 2564 5
206 2499 346 2562 libenter
365 2496 569 2581 praedicant.
616 2498 721 2561 multa
743 2504 916 2580 praeterea
934 2499 1040 2583 spolia
1062 2500 1284 2582 profereban-

206 2612 271 2686 tur,
296 2605 386 2688 capti
408 2606 561 2670 homines
577 2604 719 2687 equique
735 2606 1023 2687 producebantur:
1046 2612 1092 2686 ut,
1117 2607 1286 2693 quidquid,

206 2715 424 2780 intercederet
450 2713 625 2796 temporis,
655 2712 719 2777 hoc
755 2734 852 2779 omne
879 2715 1055 2780 victoriam
1083 2715 1205 2781 morari
1228 2717 1282 2781 vi-

171 2840 185 2882 e
209 2824 351 2887 deretur.
398 2821 446 2887 ita
469 2819 539 2905 spei
562 2818 716 2884 Curionis
740 2819 884 2887 militum
907 2809 1020 2887 studia
1042 2843 1109 2886 non
1132 2824 1286 2889 deerant,

209 2931 335 3015 equites
359 2926 454 3014 sequi
476 2928 569 2992 iubet
587 2947 659 2992 sese
682 2927 812 3012 iterque
831 2930 1005 3011 accelerat,
1027 2936 1064 2994 ut
1086 2953 1187 3015 quam
1207 2952 1282 2996 ma-

208 3039 297 3104 xime
321 3061 361 3103 ex
394 3039 476 3123 luga
500 3037 691 3120 perterritos
715 3037 837 3101 adoriri
860 3045 984 3121 posset.
1032 3045 1066 3105 at
1090 3040 1137 3104 illi
1165 3041 1288 3108 itincre

208 3147 309 3213 totius
331 3146 438 3212 noctis
466 3145 610 3210 confecti
639 3145 798 3229 subsequi
820 3166 887 3209 non
910 3151 1072 3230 poterant,
1097 3153 1197 3231 atque
1224 3149 1285 3213 alii

209 3255 274 3320 alio
297 3255 370 3318 loco
388 3253 599 3318 resistebant.
646 3274 688 3316 ne
704 3253 788 3317 haec
812 3253 946 3338 quidem
969 3275 1022 3318 res
1046 3254 1223 3319 Curionem
1240 3258 1285 3319 ad

210 3385 303 3448 spem
327 3363 530 3427 morabatur.

174 3487 185 3530 1
298 3471 370 3536 XL.
400 3471 485 3535 Iuba
517 3467 638 3533 certior
670 3469 779 3534 factus
815 3490 835 3532 a
864 3469 1011 3536 Saburra
1046 3474 1087 3537 de
1123 3477 1291 3537 nocturno·

209 3577 335 3662 proelio
358 3576 392 3640 ΙΙ
415 3574 508 3640 milia
529 3573 756 3658 Hispanorum
773 3579 806 3638 et
829 3573 1002 3641 Gallorum
1021 3576 1181 3661 equitum,
1202 3599 1292 3662 quos

210 3703 290 3747 suae
313 3681 484 3746 custodiae
500 3700 603 3745 causa
622 3679 747 3745 circum
764 3699 800 3744 se
818 3680 942 3747 habere
965 3688 1151 3763 consuerat,
1175 3689 1207 3748 et
1222 3706 1285 3769 pe-

211 3791 317 3855 ditum
348 3812 422 3856 eam
454 3796 602 3873 partem,
634 3787 689 3853 cui
716 3790 861 3854 maxime
884 3791 1079 3874 confidebat,
1115 3793 1288 3859 Saburrae
