2768 4200
413 227 533 286 COMll.
552 227 604 285 Ill.
625 227 708 285 CAP.
728 228 932 282 XX-XXIV.
1173 228 1209 282 89

135 412 214 454 cum
238 411 258 453 a
281 389 321 470 Q.
341 388 443 454 Pedio
466 394 616 472 praetore
633 409 709 452 cum
726 387 856 472 legione
880 390 1071 466 teneretur,
1095 387 1207 470 lapide

135 496 222 560 ictus
246 517 285 559 ex
301 517 395 559 muro
420 494 523 578 periit,
570 501 602 559 et
619 493 752 558 Coelius
767 494 945 576 profectae,
970 498 1006 557 ut
1024 493 1209 572 dictitabat,
1233 517 1251 558 a

136 605 180 667 ad
204 602 384 667 Caesarem
400 582 552 684 pervenit
575 600 727 666 Thurios.
775 600 831 665 ubi
848 622 924 664 cum
950 602 1114 685 quosdam
1139 600 1209 665 eius

135 708 310 793 municipii
332 708 524 773 sollicitaret
557 707 790 792 equitibusque
813 706 950 772 Caesari
974 706 1081 772 Gallis
1112 714 1211 791 atque

136 816 306 900 Hispania,
331 816 388 901 qui
411 837 449 879 eo
473 815 631 898 praesidii
653 835 756 879 causa
779 813 873 878 missi
906 819 1009 892 erant,
1033 816 1210 897 pecuniam

135 922 355 1007 polliceretur,
380 923 422 985 ab
440 921 492 985 his
509 927 559 986 est
575 920 779 985 interfectae.
825 920 871 984 ita
895 940 1095 1003 magnarum
1119 920 1210 986 initia
1235 944 1248 983 r

136 1051 259 1108 rerum,
288 1050 373 1112 quae
403 1027 619 1110 occupatione
648 1026 905 1110 magistratuum
936 1035 968 1091 et
996 1026 1209 1110 imperiorum

137 1137 315 1201 sollicitam
339 1135 471 1200 ltaliam
499 1135 680 1214 habebant,
705 1135 846 1199 celerem
871 1140 903 1200 et
931 1134 1063 1198 facilem
1087 1135 1210 1200 exitum

138 1245 336 1308 habuerunt.

230 1350 357 1415 XXIII.
382 1350 465 1414 Libo
494 1349 660 1433 profectus
689 1350 731 1413 ab
763 1347 863 1414 Orico
899 1369 976 1412 cum
1000 1349 1128 1428 classe,
1158 1348 1212 1412 cui
1237 1369 1247 1408 1

140 1464 303 1542 praeerat,
327 1457 464 1521 navium
483 1458 510 1521 L
527 1455 745 1521 Brundisium
768 1456 861 1520 venit
883 1441 1102 1540 insulamque,
1126 1478 1211 1540 quae

141 1573 256 1632 contra
279 1573 411 1649 portum
440 1563 654 1629 Brundisium
687 1569 746 1642 est,
782 1565 968 1647 occupavit,
1003 1565 1090 1646 quod
1114 1585 1211 1647 prae-

99 1673 103 1681 ’
140 1681 228 1739 stare
251 1672 476 1737 arbitrabatur·
499 1693 602 1735 unum
625 1671 746 1750 locum,
771 1691 837 1754 qua
856 1672 1066 1736 necessarius
1090 1672 1211 1735 nostris

140 1786 211 1844 erat
245 1798 417 1862 egressus,
449 1798 550 1860 quarn
581 1777 694 1841 omnia
724 1776 822 1841 litora
849 1798 889 1842 ac
922 1783 1037 1860 portus
1061 1778 1211 1842 custodia

141 1886 272 1949 clausos
301 1885 395 1948 tueri.
441 1884 498 1947 hic
532 1883 702 1965 repentino
730 1884 876 1947 adventu
909 1904 1013 1946 naves
1043 1883 1252 1972 onerariasa

141 1995 306 2077 quasdam
336 2000 455 2057 nactus
484 1992 632 2057 incendit
663 1998 696 2056 et
718 1992 834 2056 'unam
865 1992 1031 2056 frumento
1060 2002 1213 2058 onustam

142 2100 283 2164 abduxit
316 2120 542 2182 magnumque
574 2099 695 2165 nostris
731 2093 892 2164 terrorem'
916 2100 1030 2164 iniecit
1053 2107 1085 2165 et
1114 2109 1214 2165 noctu

143 2204 303 2269 militibus
335 2227 374 2269 ac
415 2205 596 2288 sagittariis
632 2207 666 2270 in
696 2213 785 2270 terra
822 2207 980 2289 expositis
1011 2208 1214 2290 praesidium

142 2312 290 2398 equitum
310 2313 430 2378 deiecit
448 2320 480 2377 et
498 2315 580 2378 adeo
600 2313 663 2378 loci
679 2314 923 2397 opportunitate
946 2315 1093 2397 profecit,
1109 2315 1156 2379 uti
1172 2316 1215 2379 ad
1238 2331 1255 2371 τι
1322 2314 1326 2323 ’

141 2421 338 2505 Pompeium
366 2421 493 2485 litteras
523 2421 676 2493 mitteret,
709 2443 814 2486 naves
845 2421 1006 2505 reliquas,
1037 2421 1066 2484 si
1095 2422 1215 2501 vellet,

142 2529 285 2595 subduci
308 2536 341 2594 et
363 2529 454 2595 refici
477 2530 621 2594 iuberet:
638 2522 700 2593 sua
723 2529 831 2594 classe
850 2528 972 2592 auxilia
997 2548 1068 2591 sese
1091 2528 1215 2592 Caesa-

142 2637 188 2701 ris
207 2635 463 2719 prohibiturum.

232 2746 359 2810 XXIV.
378 2746 460 2809 llrat
479 2766 517 2808 eo
533 2750 681 2828 tempore
697 2743 862 2808 Antonius
878 2743 1057 2806 Brundisii.
1103 2741 1132 2804 is
1151 2741 1215 2804 vir·
1240 2772 1250 2811 1

143 2855 212 2913 tute
236 2851 379 2914 militum
408 2852 552 2914 conlisus
583 2851 728 2934 scaphas
761 2850 898 2912 navium
922 2869 1119 2931 magnarum
1151 2849 1214 2912 cir·

142 2955 225 3019 citer
263 2956 325 3021 LX
360 2957 506 3020 cratibus
543 2957 728 3040 pluteisque
772 2956 916 3020 contexit
957 2976 1062 3037 eoque
1095 2953 1216 3018 milites

143 3062 288 3126 delectos
310 3062 467 3146 imposuit
490 3067 590 3145 atque
620 3084 677 3126 eas
701 3063 736 3125 in
758 3062 853 3126 litore
877 3062 1029 3144 pluribus
1053 3061 1135 3125 locis
1160 3082 1213 3124 se-

143 3168 286 3252 paratim
315 3168 478 3251 disposuit
510 3189 682 3252 naresque
706 3169 855 3234 triremes
878 3171 973 3249 duas,
997 3190 1080 3253 quas
1105 3169 1214 3232 Brun-

142 3279 219 3343 disii
253 3278 425 3342 faciendas
456 3286 653 3358 curaverat,
689 3301 748 3363 per
783 3301 921 3344 oausam
956 3281 1214 3346 exercendorum

143 3385 307 3469 remigum
330 3386 374 3449 ad
397 3385 510 3448 lauces
530 3391 644 3467 portus
663 3386 795 3468 prodire
814 3385 921 3450 iussit.
968 3386 1030 3450 has
1055 3407 1130 3449 cum
1151 3407 1215 3449 au·
1239 3413 1253 3452 2

143 3491 259 3556 dacius
282 3511 475 3576 progressas
501 3492 583 3555 Libo
607 3492 757 3571 uidisset,
781 3513 918 3576 sperans
943 3492 1095 3576 intercipi
1118 3513 1216 3576 posse

143 3597 371 3682 quadriremes
389 3597 420 3661 V
436 3599 480 3661 ad
499 3619 555 3662 eas
571 3599 673 3663 misit.
720 3620 806 3683 quae
825 3621 901 3664 cum
926 3599 1071 3664 navibus
1094 3600 1215 3665 nostris

143 3703 474 3788 appropinquassent,
501 3706 604 3770 nostri
635 3706 811 3794 [ueterani]
841 3707 873 3771 in
905 3714 1037 3790 portum
1068 3707 1215 3791 refugie-

143 3813 234 3891 bant,
257 3812 305 3876 illi
324 3813 433 3878 studio
457 3812 586 3877 incitati
611 3813 777 3878 incautius
802 3816 1034 3897 sequebantur.
1083 3815 1149 3879 iarn
1174 3838 1213 3879 ex
1237 3839 1250 3877 :r
