2768 4200
377 203 497 259 COIIM.
517 204 569 258 III.
591 204 673 258 CAP.
694 205 839 259 X-XIV.
1110 204 1145 257 83

74 397 186 440 sarem
208 373 338 457 legatos
354 371 488 438 mittunt
504 371 690 455 oppidoque
706 372 879 455 recipiunt.
915 373 976 436 hos
999 393 1145 456 sequun-
1169 399 1181 436 r

74 491 130 547 tur
156 480 368 568 Byllidenses
396 486 428 544 et
453 479 643 559 Amantini3
673 486 705 544 et
734 480 881 563 reliquae
911 480 1070 544 finitimae
1098 480 1145 544 oi-

74 588 197 650 vitates
221 592 356 668 totaque
388 584 518 667 Epiros,
550 590 582 648 et
604 585 724 668 legatis
758 587 801 648 ad
825 585 1002 650 Caesarem
1027 586 1146 665 missis,

75 715 162 778 quae
186 692 373 775 imperaret,
397 692 544 755 facturos
564 691 769 774 pollicentur.

166 801 260 865 XIII.
286 804 330 864 At
357 799 536 883 Pompeius
560 799 702 883 cognitis
733 800 787 864 his
810 803 920 878 rebuS,
945 821 1030 883 quae
1047 795 1149 864 'erant
1171 825 1181 866 1

76 907 170 974 Orici
196 907 296 992 atque
320 906 519 989 Apolloniae
546 916 672 989 gestae,
696 907 882 993 Dyrrachio
913 906 1033 971 timeus
1056 908 1148 972 diur-

76 1017 131 1079 nIs
155 1037 193 1078 eo
216 1004 453 1096 nocturnisque
475 1012 650 1077 itineribus
675 1014 853 1084 contendit.
901 1013 1001 1077 simul
1024 1013 1184 1082 Caesare

77 1121 347 1205 appropinquare
380 1119 566 1193 dicebatur,
598 1125 777 1203 tantusque
801 1127 904 1184 terror
931 1119 1049 1186 incidit
1079 1121 1149 1185 eius

77 1227 254 1305 exercitus,
275 1228 364 1309 quod
382 1245 563 1308 properans
579 1233 709 1290 noctem
727 1227 792 1290 diei
811 1227 1029 1292 coniunxerat
1042 1249 1150 1312 neque

78 1336 142 1400 iter
164 1334 399 1413 intermiserat,
423 1340 459 1397 ut
482 1354 587 1417 paene
611 1354 726 1399 omnes
750 1355 790 1398 ex
813 1333 913 1418 Epiro
937 1333 1151 1419 finitimisque

78 1442 271 1526 regionibus
289 1442 385 1524 signa
403 1440 638 1524 relinquerent,
652 1441 841 1523 complures
857 1462 951 1505 arma
966 1441 1152 1525 proicerent

79 1573 119 1616 ao
143 1552 243 1634 fugae
267 1549 375 1613 similo
399 1549 461 1612 iter
484 1548 663 1613 videretur.
710 1549 770 1612 sed
799 1569 875 1612 cum
899 1568 1001 1631 prope
1024 1548 1151 1634 Dyrra·
1174 1575 1187 1616 3

79 1658 194 1722 chium
217 1657 397 1740 Pompeius
422 1656 625 1720 constitisset
648 1660 825 1739 castraque
852 1654 968 1718 metari
990 1655 1152 1732 iussisset,

79 1764 252 1849 perterrito
269 1763 368 1827 etiam
394 1769 463 1825 tum
481 1762 628 1827 exercitu
644 1760 799 1845 princeps
819 1760 990 1824 Labienus
1005 1761 1153 1843 procedit

79 1872 233 1953 iuratque
257 1890 291 1932 se
308 1891 382 1932 eum
400 1890 465 1932 uon
481 1871 689 1933 deserturum
707 1869 915 1950 eundemque
931 1888 1046 1931 casum
1060 1867 1153 1931 subi-

80 1988 208 2055 turum,
241 1997 483 2059 quemcumque
516 1976 546 2039 ei
580 1976 712 2040 fortuna
744 1975 922 2045 tribuisset.
970 1974 1035 2038 hoo
1064 1974 1189 2042 idemr

81 2082 200 2166 reliqui
218 2082 329 2145 iurant
351 2082 473 2165 legati3
492 2082 554 2144 hos
573 2081 698 2145 tribuni
717 2081 860 2144 militum
881 2082 1154 2166 centurionesque

82 2194 276 2273 sequuntur,
308 2195 408 2272 atque
431 2188 519 2252 idem
556 2187 664 2251 omnis
696 2187 863 2253 exercitus
886 2187 982 2256 iurat.
1031 2189 1190 2256 Caesare

83 2299 326 2380 praeoccupato
350 2293 467 2358 itinere
500 2295 543 2357 ad
574 2293 799 2380 Dyrrachium
829 2293 928 2358 finem
954 2296 1155 2378 properandi

82 2401 163 2467 facit
186 2406 363 2483 castraque
387 2399 430 2463 ad
453 2400 575 2464 llumen
596 2400 726 2484 Apsum
743 2399 835 2483 ponit
852 2401 886 2464 in
910 2401 1031 2466 finibus
1050 2402 1155 2485 Apol-

81 2509 267 2588 loniatium,
286 2514 323 2571 ut
345 2507 491 2571 castellis
515 2508 705 2592 vigiliisque
735 2509 821 2572 bene
844 2508 980 2572 meritae
1003 2509 1155 2575 civitates

82 2625 174 2682 tutae
198 2621 287 2681 esset
319 2613 529 2702 [praesidiop
552 2615 665 2699 ibique
689 2615 892 2699 reliquarum
923 2638 964 2680 ex
987 2616 1085 2680 Italia
1107 2617 1154 2680 le-

83 2725 222 2806 gionum
246 2725 428 2787 adventum
461 2729 657 2806 exspectare
687 2729 720 2788 et
751 2723 813 2786 sub
843 2721 986 2806 pellibus
1008 2722 1157 2787 hiemare

66 2831 264 2896 constituit.
300 2832 364 2895 hoc
388 2831 476 2895 idem
491 2832 671 2914 Pompeius
695 2831 773 2894 fecit
789 2835 822 2894 et
836 2835 929 2893 trans
947 2831 1069 2894 flumen
1086 2831 1156 2914 Ap·
1180 2857 1193 2896 e

84 2955 158 3000 sum
174 2935 292 3018 positis
315 2937 433 3000 castris
452 2958 490 3000 eo
514 2938 629 3020 copias
645 2958 759 3000 omnes
783 2935 971 3019 auxiliaque
987 2938 1156 3002 conduxit.

174 3041 264 3106 XIV.
289 3041 435 3107 Calenus
459 3044 647 3126 legionibus
670 3043 904 3127 equitibusque
928 3043 1098 3108 Brundisii
1122 3045 1156 3107 in
1182 3068 1190 3107 1

84 3169 191 3212 naves
214 3148 387 3231 impositio,
411 3155 448 3214 ut
477 3156 547 3214 crat
578 3157 793 3234 praeceptum
821 3170 841 3212 a
864 3149 1018 3229 Caesare,
1051 3172 1156 3235 quan-

84 3265 156 3320 tum
179 3255 317 3319 navium
342 3256 535 3320 facultatem
558 3256 715 3335 habebat,
738 3275 842 3319 naves
874 3255 974 3319 solvit
1002 3256 1157 3339 paulum·

85 3385 150 3447 que
166 3385 186 3427 a
201 3369 298 3446 portu
313 3383 510 3446 progressus
527 3363 652 3429 litteras
677 3384 698 3426 a
721 3361 864 3428 Caesare
881 3362 1020 3445 aceepit,
1037 3363 1157 3446 quibus

84 3477 137 3535 est
160 3469 281 3535 certior
305 3469 415 3534 factus
450 3477 566 3553 portus
588 3470 751 3552 Iltoraque
779 3469 892 3534 omnia
915 3469 1080 3534 classibus
1099 3470 1157 3533 ad-

86 3577 313 3643 versariorum
347 3578 461 3647 teneri.
509 3599 575 3660 quo
603 3577 736 3661 cognito
761 3597 797 3641 se
827 3576 863 3641 in
885 3581 1017 3659 portum
1040 3575 1195 3659 recipite

86 3707 258 3770 navesque
282 3705 399 3750 omnes
420 3693 566 3756 revocat,
614 3705 681 3749 una
703 3707 745 3750 ex
767 3684 830 3764 his,
855 3705 940 3769 quae
964 3705 1158 3768 persevera-

86 3791 136 3856 vit
159 3812 267 3876 neque
289 3790 428 3877 imperio
452 3790 568 3857 Caleni
591 3792 844 3876 obtemperavit,
876 3794 965 3874 quod
989 3798 1060 3857 erat
1087 3793 1163 3856 sine
