2768 4200
223 200 274 256 138
584 200 635 256 DE
655 199 780 258 BELLO
800 197 920 257 CIVILI

213 365 395 434 Ptolomaei
431 367 536 452 patris
559 367 700 433 heredes
724 373 819 433 erant
841 363 956 450 scripti
985 387 1028 432 ex
1051 365 1181 432 duobus
1204 365 1282 434 filiis

212 477 316 542 maior
335 482 369 543 et
383 499 423 543 ex
443 478 573 542 duabus
592 475 724 541 filiabus
747 497 796 555 ea,
814 494 899 559 quae
922 478 1030 539 aetate
1052 475 1281 546 antecedebat.

212 585 295 650 haec
325 583 372 649 uti
396 583 521 665 tierent,
544 605 603 668 per
627 605 742 649 omnes
773 585 852 648 deos
875 603 1001 667 perque
1023 582 1166 663 foedera,
1196 604 1282 668 quae

211 692 334 756 Romae
356 689 498 770 fecisset,
524 691 641 756 eodem
666 694 863 755 testamento
886 688 1098 755 Ptolomaeus
1121 689 1281 774 populum

122 830 123 833 ¹
177 800 398 864 4Romanum
432 799 669 867 obtestabatur.
725 796 858 863 tabulae
890 796 1077 862 testamenti
1111 817 1196 863 unae
1222 819 1282 882 per

210 909 338 993 legatos
370 905 441 972 eius
464 907 604 971 Romam
627 910 720 971 erant
743 904 874 985 allatae,
899 910 935 970 ut
964 903 998 968 in
1024 903 1150 970 aerario
1179 926 1283 989 pone·

212 1021 324 1080 rentur
349 1013 427 1096 (hae
452 1035 529 1078 cum
548 1020 681 1098 propter
697 1013 849 1097 publicas
866 1012 1100 1097 occupationes
1122 1012 1282 1098 peninon

212 1123 405 1206 potuissent,
421 1122 523 1206 'apud
547 1120 744 1206 Pompeium
767 1126 844 1186 sunt
867 1119 1059 1210 depositae),
1083 1120 1206 1186 alterae
1226 1142 1283 1186 eo·

211 1233 287 1296 dem
310 1230 458 1315 exemplo
482 1230 617 1296 relictae
635 1233 734 1316 atque
754 1229 953 1316 obsignatae
976 1227 1197 1298 Alexandriae
1211 1250 1283 1315 pro·

214 1340 417 1404 serebantur.

178 1459 188 1501 1
313 1445 401 1512 CIX.
425 1445 474 1510 De
497 1444 550 1510 his
573 1445 673 1510 rebus
704 1466 781 1510 cum
804 1450 957 1530 ageretur
980 1447 1069 1531 apud
1092 1445 1282 1522 Caesarem,

211 1555 304 1638 isque
327 1551 471 1618 maxime
494 1552 592 1618 vellet
614 1574 673 1637 pro
697 1552 864 1618 communi
895 1553 1001 1619 amico
1025 1559 1125 1640 atque
1156 1554 1281 1621 arbitro

211 1659 454 1725 controversias
477 1680 592 1743 regum
616 1680 825 1743 componere,
845 1659 953 1726 subito
977 1660 1142 1726 exercitus
1165 1659 1282 1745 regius

176 1782 188 1824 2
208 1768 439 1853 equitatusque
454 1766 561 1832 omnis
578 1766 690 1831 venire
706 1766 942 1834 Alexandriam
964 1768 1147 1834 nuntiatur.
1194 1768 1279 1835 Cae·

209 1876 294 1941 saris
312 1876 426 1962 copiae
449 1895 659 1959 nequaquam
683 1878 777 1938 erant
792 1879 915 1955 tantae,
940 1889 977 1940 ut
991 1875 1042 1956 iis,
1066 1881 1161 1941 extra
1184 1875 1277 1961 oppi-

210 1986 290 2049 dum
313 1985 342 2050 si
366 1990 453 2051 esset
470 1983 710 2062 dimicandum,
727 1981 915 2047 confideret.
961 1982 1221 2075 relinquebatur,
1245 1988 1282 2048 ut

212 2114 247 2156 se
271 2093 340 2157 suis
370 2093 452 2158 locis
477 2091 599 2176 oppido
634 2096 761 2157 teneret
784 2090 1023 2176 consiliumque
1047 2091 1200 2158 Achillae
1224 2113 1283 2158 co-

176 2224 189 2267 a
211 2205 392 2284 gnosceret.
442 2200 563 2265 milites
584 2206 695 2266 tamen
715 2221 832 2264 omnes
848 2198 883 2264 in
902 2199 1004 2265 armis
1020 2221 1092 2266 esse
1115 2198 1213 2266 iussit
1227 2222 1282 2267 re-

210 2329 352 2392 gemque
375 2307 527 2371 hortatus
546 2313 605 2386 est,
625 2313 662 2372 ut
681 2329 721 2371 ex
744 2306 812 2371 suis
830 2308 1027 2372 necessariis
1045 2328 1128 2393 quos
1144 2308 1282 2376 haberet

212 2415 375 2479 maximae
410 2414 615 2479 auctoritatis
649 2415 777 2499 legatos
813 2417 857 2479 ad
885 2415 1053 2481 Achillam
1075 2414 1220 2482 mitteret
1251 2422 1284 2481 et

176 2523 291 2608 equid
324 2529 412 2589 esset
442 2543 523 2587 suae
558 2523 739 2588 voluntatis
773 2524 969 2588 ostenderet.
1028 2544 1048 2588 a
1088 2544 1153 2609 quo
1184 2523 1282 2589 missi

211 2631 422 2696 Dioscorides
452 2637 484 2695 et
511 2630 679 2713 Serapion,
715 2630 772 2714 qui
798 2631 896 2694 ambo
924 2630 1024 2714 legati
1051 2630 1177 2697 Romae
1204 2631 1280 2696 fue-

176 2745 286 2805 erant
312 2760 539 2824 magnamque
570 2739 660 2821 apud
687 2743 815 2820 patrem
837 2736 1072 2802 Ptolomaeum
1100 2738 1280 2805 auctorita-

212 2852 278 2912 tem
308 2848 503 2925 habuerant,
531 2846 575 2910 ad
607 2844 777 2909 Achillam
811 2850 1045 2927 pervenerunt.
1098 2867 1180 2931 quos
1213 2847 1280 2930 ille,

210 2977 286 3019 cum
321 2954 355 3018 in
392 2960 609 3038 conspectum
644 2952 715 3017 eius
749 2951 944 3028 venissent,
985 2953 1181 3040 priusquam
1220 2977 1281 3022 au-

212 3062 296 3127 diret
330 3068 387 3127 aut
421 3062 517 3127 cuius
550 3062 597 3127 rei
627 3083 730 3126 causa
769 3061 863 3126 missi
901 3069 1010 3129 essent
1046 3071 1280 3149 cognosceret,

211 3171 332 3256 corripi
364 3177 464 3255 atque
501 3171 640 3236 interfici
678 3170 783 3235 iussit.
841 3191 980 3254 quorum
1022 3169 1106 3237 alter
1144 3179 1280 3258 accepto

210 3276 346 3342 vulnere
372 3276 569 3364 [occubans]
599 3298 658 3360 per
685 3298 763 3342 suos
787 3297 846 3360 pro
871 3276 982 3341 occiso
1006 3278 1168 3354 sublatus,
1196 3277 1282 3345 alter

115 3401 116 3405 ’
175 3411 188 3449 c
211 3383 403 3449 interfectus
434 3390 493 3450 est.
552 3406 616 3469 quo
640 3386 728 3450 lacto
756 3405 871 3469 regem
903 3389 938 3449 ut
964 3383 999 3449 in
1028 3406 1090 3450 sua
1116 3391 1279 3471 potestate

210 3491 368 3571 haberet,
396 3491 522 3556 Caesar
545 3492 677 3573 effecit,
705 3513 864 3577 magnam
888 3490 1016 3576 regium
1040 3514 1162 3559 nornen
1188 3495 1280 3578 apud

212 3618 289 3662 suos
309 3596 539 3663 auctoritatem
557 3598 679 3663 habere
696 3599 890 3665 existimans
910 3605 943 3664 et
962 3604 998 3668 ut
1021 3600 1130 3684 potius
1148 3599 1280 3687 privato

210 3726 392 3791 paucorum
423 3700 658 3771 sceleratorum
686 3728 786 3791 quam
810 3706 901 3804 regio
925 3707 1063 3781 consilio
1087 3714 1279 3805 susceptura

211 3814 335 3893 bellurn
351 3815 529 3892 videretur.
