2768 4200
383 216 502 273 COMM.
519 217 572 274 ΙΙΙ.
594 215 677 270 ΟΑΡ.
697 214 971 271 XXXVIII-XLI.
1174 213 1210 268 99

131 390 256 450 terram
291 387 391 467 atque
424 380 555 456 inance,
584 381 632 444 IV
663 403 702 444 ex
725 379 778 444 his
810 379 957 458 abduxit,
980 378 1125 462 reliquas
1148 378 1200 440 in-

133 489 255 557 cendit.
301 489 365 553 hcc
396 487 546 552 confecto
577 487 707 571 negotio
731 487 772 550 D.
798 485 950 551 Laelium
978 486 1020 549 ab
1051 483 1237 548 Asiaticae

133 599 242 665 classe
266 598 447 661 abductum
470 594 616 678 reliquit3
641 593 699 679 qui
722 600 926 658 commeatus
949 591 1078 679 Byllide
1103 598 1201 675 atque

134 705 295 772 Amantia
328 701 500 787 importari
528 701 562 765 in
590 700 751 785 oppidum
774 699 980 783 prohibebat
1026 699 1098 783 ipse
1126 699 1201 764 Lis-

134 835 210 880 sum
234 812 401 896 profectus
425 830 530 874 naves
553 807 722 873 onerarias
747 809 846 872 XXX
870 828 890 870 a
913 807 958 872 M.
983 807 1126 872 Antonio
1149 829 1229 872 re·-

133 921 232 987 lictas
255 919 343 984 intra
369 924 502 1001 portum
534 936 715 1001 aggressus
738 936 851 979 omnes
880 915 1045 992 incendit3
1069 915 1201 979 Lissum
1225 930 1239 968 ⁶

135 1047 328 1113 expugnare
352 1031 490 1090 conatus
518 1023 773 1088 defendentibus
803 1023 932 1088 civibus
956 1023 1122 1102 Romame,
1146 1024 1203 1107 qui

129 1115 207 1200 'eius
225 1138 410 1198 conventus
433 1136 537 1210 erant,
556 1129 792 1215 militibusque,
816 1152 898 1215 quos
921 1130 1078 1214 praesidii
1101 1153 1204 1196 causa
1232 1169 1235 1175 ·

135 1241 273 1306 miserat
296 1242 438 1320 Caesar,
469 1239 614 1303 triduum
651 1244 797 1303 moratus
821 1238 936 1322 paucis
965 1237 999 1303 in
1030 1260 1205 1324 oppugna-

134 1349 225 1415 tione
249 1346 381 1412 amissis
404 1367 440 1411 re
461 1347 586 1410 infecta
608 1345 686 1409 inde
710 1345 873 1411 discessit.

224 1455 312 1520 XLI.
339 1455 463 1520 Caesar
485 1460 661 1539 postquam
691 1454 889 1537 Pompeium
913 1455 956 1518 ad
979 1453 1203 1538 Asparagium
1229 1462 1238 1503 1

135 1585 210 1629 esse
234 1561 399 1647 cognovit,
424 1562 539 1626 eodem
564 1583 641 1626 cum
660 1561 806 1626 exercitu
824 1561 992 1645 profectus
1016 1567 1204 1646 expugnato

136 1670 172 1734 in
195 1669 311 1734 itinere
334 1663 717 1752 oppido'Parthinorum,
734 1670 768 1732 in
788 1691 853 1752 quo
876 1669 1054 1753 Pompeius
1077 1670 1206 1752 pracsi-

137 1777 230 1843 dium
255 1777 411 1852 habebat,
435 1775 530 1841 tertio
554 1776 673 1841 dicad
697 1773 892 1858 Pompeium
916 1775 1067 1858 pervenit
1095 1775 1205 1840 iuxta-

137 1908 204 1971 que
227 1907 303 1950 eum
322 1891 431 1949 castra
454 1883 564 1967 posuit
587 1890 618 1948 et
641 1882 798 1967 postridie
821 1882 949 1947 eductis
973 1882 1125 1947 omnibus
1149 1904 1207 1946 cc-

137 1994 204 2079 piis
223 1993 295 2059 acie
314 1993 478 2057 instructa
494 1989 693 2055 decernendi
717 1995 913 2074 potestatem
936 1989 1093 2073 Pompeio
1117 1990 1205 2054 iecit.

138 2101 197 2167 ubi
219 2101 313 2165 iilum
338 2100 408 2164 suis
431 2098 513 2162 locis
537 2118 572 2162 se
596 2103 706 2162 tenere
730 2096 878 2162 animum
902 2097 1054 2175 advertit,
1070 2099 1206 2162 reducto
1230 2105 1244 2145 ‘2

140 2209 176 2274 in
200 2214 310 2273 castra
334 2204 483 2272 exercitu
507 2204 599 2268 aliud
622 2204 683 2268 sibi
707 2203 881 2268 consilium
912 2203 1110 2287 capiendum
1138 2204 1207 2269 exi·

140 2316 300 2382 stimavit.
354 2315 466 2397 itaque
508 2318 639 2396 postero
670 2311 723 2376 die
760 2310 912 2376 omuibus
948 2311 1052 2396 copiis
1084 2333 1245 2397 magnoa

141 2423 282 2488 circuitu
317 2420 443 2485 difficili
478 2424 686 2504 angustoque
716 2418 832 2484 itinere
871 2418 1097 2505 Dyrrachium
1131 2442 1208 2504 pro-

140 2529 248 2594 fectus
273 2534 322 2593 est
345 2549 482 2612 sperans
505 2526 701 2610 Pompeium
726 2532 783 2591 aut
808 2527 1032 2612 Dyrrachium
1056 2527 1208 2611 compelli

141 2642 199 2700 aut
234 2638 276 2700 ab
305 2659 343 2700 eo
376 2635 552 2700 intercludi
575 2657 682 2719 posse,
715 2637 803 2720 quod
833 2657 964 2700 omnem
988 2642 1208 2701 commeatum

140 2740 306 2825 totiusque
340 2742 420 2807 belli
450 2748 649 2826 apparatum
686 2763 724 2807 eo
762 2743 970 2821 contulisset3
1007 2749 1043 2806 ut
1077 2741 1209 2807 accidit.

142 2845 322 2929 Pompeius
357 2849 445 2913 enim
476 2850 582 2933 primo
612 2849 772 2933 ignorans
802 2848 873 2913 eius
898 2849 1092 2919 consilium,
1121 2850 1246 2932 quodr

141 2952 274 3017 diverso
298 2955 340 3018 ab
361 2977 401 3020 ea
428 2957 563 3040 regione
587 2957 704 3021 itinere
726 2957 912 3039 profectum
936 2955 1083 3034 videbat,
1104 2976 1210 3039 angu-

141 3058 214 3125 stiis
237 3059 285 3123 roi
315 3060 551 3127 frumentariae
574 3063 780 3146 compulsum
815 3061 1007 3127 discessisse
1041 3062 1210 3128 existima-

140 3168 217 3245 bat3
248 3172 363 3250 postea
385 3188 442 3250 per
470 3168 695 3251 exploratores
718 3168 838 3236 certior
866 3170 975 3235 sactus
998 3178 1129 3255 postero
1157 3173 1211 3238 die

141 3281 252 3340 castra
275 3275 381 3339 movit
405 3275 554 3340 breviore
577 3275 695 3342 itinere
718 3298 754 3341 sc
778 3297 949 3342 occurrere
965 3277 994 3341 ei
1017 3300 1115 3362 posse
1134 3300 1211 3363 spe-

140 3403 229 3447 rans.
278 3383 367 3467 quod
390 3382 461 3448 sore
481 3383 670 3468 suspicatus
696 3384 821 3449 Caesar
849 3383 1064 3474 milites[que]
1089 3386 1210 3450 adhor-
1236 3407 1249 3449 5

140 3496 251 3570 tatus,
278 3497 315 3555 ut
349 3511 455 3576 aequo
484 3491 595 3555 animo
628 3491 775 3555 laborem
805 3491 952 3572 ferrent,
983 3513 1088 3576 parva
1117 3498 1211 3576 parte

139 3597 246 3662 noctis
275 3597 392 3662 itinere
415 3598 601 3665 intermisso
625 3621 724 3664 mane
755 3599 979 3686 Dyrrachium
1001 3599 1103 3678 venit,
1135 3621 1211 3664 cum

139 3704 284 3789 primum
316 3696 438 3791 agmen
471 3707 610 3790 Pompei
640 3707 756 3791 procul
792 3713 1001 3788 cerneretur,
1036 3712 1136 3792 atque
1165 3707 1213 3772 ibi

140 3818 253 3878 castra
276 3815 396 3897 posuit.
