2768 4200
383 225 502 283 COMM.
521 227 544 282 Ι.
565 227 649 283 CAP.
670 226 880 282 XLI—XLIV.
1132 231 1168 286 25

96 394 215 458 fossae.
261 391 310 456 illi
333 411 400 454 non
423 389 480 453 diu
513 388 708 454 commorati
736 409 799 453 nec
821 389 955 473 longius
987 390 1030 455 ab
1053 390 1168 456 infimo
1205 405 1221 445 4

96 501 180 565 colle
209 497 379 584 progressi
415 496 529 581 copias
559 496 594 560 in
631 501 740 560 eastra
767 496 941 559 reducunt.
988 497 1083 562 tertio
1113 498 1168 565 die
1204 514 1223 553 ⁵

95 609 221 674 Caesar
243 607 332 671 vallo
355 611 467 669 castra
499 602 698 680 communit;
722 601 867 686 reliquas
899 603 1061 685 cohortes
1084 625 1168 691 quas

95 718 130 780 in
153 713 377 798 superioribus
402 711 520 777 castris
535 709 724 794 reliquerat,
747 709 1052 796 impedimentaque
1073 715 1117 778 ad
1133 735 1168 778 se

95 820 268 886 transduci
292 819 395 883 iubet.
658 885 661 890 ,

186 926 309 991 XLIII.
333 925 414 989 Erat
443 923 530 988 inter
560 923 719 1007 oppidum
747 923 890 988 Ilerdam
916 931 949 990 et
978 926 1166 1008 proximum
1205 941 1218 980 f

97 1035 230 1111 collem,
259 1032 317 1096 ubi
347 1036 459 1096 castra
484 1030 636 1095 Petreius
664 1036 764 1115 atque
796 1030 957 1096 Afranius
986 1033 1168 1113 habebant,

98 1140 239 1226 planitia
256 1138 387 1205 circiter
405 1159 566 1222 passuum
586 1137 681 1218 CCC,
705 1145 805 1222 atque
828 1138 862 1202 in
886 1138 950 1203 hoc
966 1139 1035 1205 fere
1058 1140 1168 1204 medio

99 1247 207 1333 spatio
230 1246 378 1313 tumulus
394 1252 465 1311 erat
483 1245 583 1329 paulo
602 1245 740 1324 editi0r;
761 1267 858 1330 quem
884 1246 912 1310 si
935 1247 1169 1332 occupavisset
1204 1261 1223 1300 ‘2-

99 1357 224 1422 Caesar
238 1362 271 1421 et
283 1353 531 1434 communisset,
556 1355 598 1417 ab
618 1351 739 1438 oppido
756 1360 788 1418 et
811 1360 912 1438 ponte
931 1362 963 1418 et
981 1360 1168 1420 commeatu

98 1464 205 1543 omni,
230 1453 329 1547 quem
353 1461 385 1526 in
411 1460 572 1545 oppidum
596 1459 823 1539 contulerant,
848 1482 884 1525 se
907 1460 1168 1526 interclusurum

97 1569 309 1636 adversarios
339 1567 537 1633 confidebat.
592 1567 657 1631 hoc
694 1588 834 1650 sperans
867 1567 1016 1652 legiones
1046 1568 1098 1633 III
1129 1590 1169 1633 ex
1205 1594 1223 1632 a.

96 1677 216 1743 castris
239 1676 352 1742 educit
380 1675 519 1759 acieque
541 1675 624 1739 locis
650 1674 778 1739 idoneis
802 1675 964 1739 instructa
992 1675 1090 1740 unius
1119 1675 1169 1742 le-

97 1785 208 1870 gionis
232 1783 469 1868 antesignanos
492 1803 686 1866 procurrere
707 1789 807 1866 atque
831 1802 907 1846 eum
927 1783 1092 1847 tumulum
1112 1805 1169 1847 oc-

98 1913 223 1976 cupare
244 1891 346 1956 iubet.
393 1910 459 1975 qua
477 1911 513 1954 re
537 1890 672 1973 cognita
688 1889 837 1954 celeriter
861 1890 1002 1973 quaein
1027 1889 1170 1956 statione
1206 1914 1218 1953 4

98 2021 157 2082 pro
188 1999 308 2064 castris
338 2003 432 2062 erunt
463 1997 595 2061 Afranii
619 1997 771 2063 cohortes
802 1997 953 2062 breviore
984 1997 1102 2063 itinere
1127 2001 1170 2064 ad

98 2107 241 2169 eundern
260 2104 493 2186 occupandum
505 2103 616 2167 locum
629 2102 816 2169 mittuntur.
847 2103 1057 2169 contenditur
1072 2127 1169 2190 proe—
1206 2128 1224 2164 ι’»

98 2212 153 2292 Ιίο,
169 2219 201 2277 et
218 2213 306 2296 quod
320 2211 412 2295 prius
435 2211 469 2274 in
488 2210 652 2276 tumulum
677 2211 856 2276 Afraniani
874 2218 1045 2293 venerant,
1065 2215 1170 2279 nostri

98 2318 303 2403 repelluntur
326 2323 425 2402 atque
444 2316 519 2381 aliis
541 2316 716 2381 submissis
741 2318 899 2383 subsidiis
922 2324 1018 2403 terga
1041 2326 1170 2386 vertere

98 2445 202 2509 seque
225 2424 269 2488 ad
292 2423 390 2507 signa
405 2422 574 2506 legionum
598 2421 746 2506 recipere
770 2430 944 2507 coguntur.

187 2533 306 2598 XLIV.
333 2531 448 2596 Genus
472 2537 544 2595 erat
559 2551 693 2614 pugnae
710 2531 852 2596 militum
876 2532 1018 2608 illorum,
1039 2539 1076 2599 ut
1098 2556 1170 2599 ma·
1208 2555 1220 2595 r

98 2663 164 2725 gno
187 2641 313 2724 impetu
332 2639 438 2723 primo
472 2644 716 2718 concurrerent,
747 2640 907 2704 audacter
929 2640 1039 2705 locum
1069 2662 1170 2725 eape-

99 2756 183 2827 rent,
206 2748 339 2813 ordines
362 2767 440 2810 suos
463 2767 529 2810 non
554 2767 675 2830 magno
699 2768 797 2830 opere
813 2756 994 2827 servarent,
1016 2748 1084 2813 rari
1102 2749 1170 2813 dis-

100 2855 253 2938 persique
283 2858 489 2937 pugnarent,
520 2852 547 2916 si
573 2860 811 2936 premerentur,
840 2855 961 2937 pedem
994 2855 1115 2920 referre
1139 2862 1171 2919 et
1206 2880 1245 2925 a,

100 2962 171 3024 loeo
194 2962 352 3026 excedere
372 2981 438 3023 non
458 2969 555 3042 turpe
574 2960 811 3040 existimarent,
830 2982 907 3025 cum
923 2961 1094 3027 Lusitanis
1117 2954 1185 3026 re-'
1214 2938 1220 2957 ⁴

101 3066 268 3150 liquisque
295 3066 449 3130 barbaris
479 3086 602 3149 genere
632 3068 778 3151 quodam
809 3087 943 3151 pugnae
973 3069 1170 3147 assuefacti3

101 3173 189 3257 quod
212 3173 281 3237 iere
304 3172 349 3252 fit,
374 3173 496 3256 quibus
513 3173 654 3257 quisque
678 3172 712 3236 in
726 3173 819 3266 locis
842 3174 938 3240 miles
961 3175 1171 3240 inveterave-

100 3284 152 3359 rit,
175 3285 213 3344 ut
229 3280 369 3344 multum
385 3300 500 3344 earum
523 3280 699 3364 regionum
723 3283 963 3348 consuetudine
987 3290 1168 3349 moveatur.

99 3389 185 3452 haec
215 3392 285 3451 tum
314 3386 398 3452 ratio
423 3392 557 3452 nostros
580 3387 790 3472 perturbavit
812 3389 960 3454 insuetos
984 3387 1086 3452 huius
1108 3411 1170 3473 ge·
1206 3415 1222 3453 s

100 3495 189 3559 neris
211 3514 362 3577 pugnae;
387 3493 555 3559 circumiri
579 3494 667 3559 enim
686 3517 760 3560 sese
777 3498 819 3560 ab
843 3502 957 3580 aperto
979 3496 1084 3560 latere
1099 3517 1169 3580 pro-

100 3601 312 3666 currentibus
335 3600 478 3685 singulis
501 3600 764 3681 arbitrabantur3
789 3601 854 3685 ipsi
879 3606 990 3665 autem
1014 3621 1091 3664 suos
1114 3621 1170 3664 or-

100 3708 195 3772 dines
224 3728 359 3772 servare
394 3727 501 3790 neque
532 3708 574 3770 ab
606 3707 712 3790 signis
740 3708 927 3778 discedere,
959 3728 1066 3790 neque
1097 3706 1172 3772 sine

100 3815 199 3898 gravi
215 3836 317 3880 causa
341 3836 417 3879 eum
441 3814 560 3901 locum,
580 3835 680 3898 quem
697 3819 865 3898 ceperant,
889 3814 1017 3879 dimitti
1037 3834 1184 3876 census-
