2768 4200
369 225 487 291 COMM.
508 226 560 288 111.
581 227 662 288 oAP.
683 225 912 286 XCIV-XCVI
930 226 950 284 Ι.
1145 226 1194 282 131

136 402 233 464 turno
257 396 374 463 itinere
398 417 465 461 non
488 392 675 461 intermisso
699 391 858 458 comitatu
877 391 1025 477 equitum
1038 391 1140 456 XXX
1155 392 1197 456 ad

136 527 226 571 mare
245 505 395 590 pervenit
413 523 600 588 navemque
612 499 864 566 frumentariam
882 498 1076 565 conscendit
1089 519 1197 583 saepe,

134 616 172 677 ut
194 611 375 692 dicebatur,
399 599 540 696 querens
565 613 695 674 tantum
715 629 750 674 se
768 607 953 693 opinionem
972 607 1138 687 fefellisse,
1153 612 1199 680 ut,

135 740 154 784 a
177 741 241 804 quo
265 740 387 803 genere
409 716 581 783 hominum
596 716 771 782 victoriam
795 721 970 801 sperasset,
989 716 1031 781 ab
1051 736 1089 781 eo
1107 713 1199 779 initio

135 826 236 910 fugae
259 827 347 890 facto
370 845 474 910 paene
498 823 648 909 proditus
666 822 842 895 videretur.

222 932 360 1002 XCVII.
385 932 509 999 Caesar
526 930 644 998 cestris
663 931 785 1017 potitus
801 953 821 997 a
840 930 1000 997 militibus
1024 930 1200 1012 contendit,
1226 943 1234 987 1

135 1061 177 1108 ne
200 1040 234 1106 in
256 1041 381 1125 praeda
396 1038 550 1124 occupati
567 1038 686 1125 reliqui
708 1038 833 1124 negotii
850 1039 987 1123 gerendi
1009 1038 1201 1104 facultatem

137 1148 348 1215 dimitterent.
395 1167 461 1234 qua
490 1169 525 1213 re
559 1148 736 1232 impetrata
762 1153 909 1214 montem
938 1169 1035 1233 opere
1059 1148 1238 1214 circum-‘2

136 1255 265 1321 munire
298 1254 447 1320 instituit.
494 1255 708 1341 Pompeiani,
740 1257 828 1341 quod
858 1254 887 1319 is
917 1275 1013 1320 mons
1036 1260 1106 1320 erat
1131 1255 1202 1319 sine

138 1385 234 1449 aqua,
259 1364 359 1429 diffisi
391 1363 421 1429 ei
447 1364 519 1430 loco
550 1365 663 1432 relicto
693 1370 805 1431 monte
835 1363 985 1429 universi
1013 1362 1102 1448 iugis
1132 1361 1202 1426 eius

136 1472 290 1538 Larisam
312 1494 430 1538 versus
455 1493 490 1539 se
505 1472 650 1558 recipere
668 1454 856 1558 coeperunt.
904 1494 970 1558 qua
991 1493 1026 1537 re
1050 1469 1202 1535 animad-
1225 1486 1238 1527 3

136 1600 234 1646 versa
256 1579 380 1646 Caesar
403 1581 516 1664 copias
539 1601 617 1644 suas
636 1580 750 1644 divisit
765 1585 959 1663 partemque
981 1577 1151 1661 legionum
1168 1576 1202 1640 in

139 1687 256 1752 castris
282 1686 423 1768 Pompei
457 1705 627 1752 remanere
650 1685 756 1768 iussit,
786 1691 915 1771 partem
948 1685 983 1750 in
1010 1706 1071 1750 sua
1094 1690 1204 1751 castra

138 1793 274 1875 remisit,
290 1793 338 1859 IV
361 1813 474 1859 secum
492 1793 640 1879 legiones
660 1795 754 1861 duxit
777 1793 1064 1879 commodioreque
1087 1793 1203 1859 itinere

137 1899 350 1985 Pompeianis
383 1921 555 1966 occurrere
585 1901 693 1986 coepit
726 1908 758 1968 et
785 1921 982 1986 progressus
1011 1899 1103 1964 milia
1124 1920 1202 1983 pas-

139 2030 237 2073 suum
262 2009 310 2073 VI
341 2007 447 2072 aciem
473 2007 635 2072 instruxit.
684 2029 751 2094 qua
779 2029 815 2072 re
848 2007 1080 2073 animadversa
1102 2006 1238 2081 Pom-4

138 2113 248 2198 peiani
277 2115 312 2178 in
342 2115 486 2196 quodam
522 2121 632 2180 monte
661 2117 887 2182 constiterunt.
934 2116 1025 2181 hunc
1058 2121 1202 2181 montem

137 2221 260 2285 flumen
284 2220 470 2286 subluebat.
516 2220 642 2287 Caesar
665 2222 785 2288 milites
809 2223 1009 2304 cohortatus,
1025 2222 1088 2289 etsi
1104 2223 1203 2289 totius

137 2327 202 2392 diei
221 2326 400 2393 continenti
422 2327 535 2394 labore
552 2335 644 2395 erant
660 2331 802 2397 conlecti
824 2353 954 2418 noxque
977 2332 1045 2397 iam
1069 2333 1204 2397 suberat

136 2439 247 2501 tamen
279 2435 460 2501 munitione
491 2437 614 2502 flumen
648 2459 667 2503 a
697 2445 808 2505 monte
836 2438 991 2519 seclusit,
1023 2461 1064 2502 ne
1102 2444 1202 2503 noctu

137 2544 255 2629 aquari
287 2542 482 2628 Pompeiani
509 2550 655 2629 possent.
702 2568 767 2632 quo
790 2547 937 2631 perfecto
962 2568 1059 2632 opere
1088 2546 1137 2612 illi
1160 2549 1238 2620 def,

136 2654 301 2720 deditione
325 2653 437 2720 missis
458 2653 578 2740 legatis
601 2676 699 2740 agere
718 2660 908 2741 coeperunt.
953 2656 1054 2742 pauci
1077 2656 1202 2722 ordinis

136 2762 301 2842 senatorii,
326 2761 382 2847 qui
408 2784 443 2827 se
468 2785 544 2830 cum
567 2761 609 2828 iis
640 2763 888 2845 coniunxerant,
922 2770 1018 2830 nocte
1042 2765 1123 2849 fuga
1146 2785 1202 2830 sa—

136 2862 239 2928 lutem
261 2869 460 2948 petiverunt.

224 2971 379 3037 XCVIII.
417 2972 541 3039 Caesar
571 2975 679 3059 prima
710 2976 784 3042 luce
815 2996 931 3042 omnes
968 2999 1045 3060 eos,
1077 2977 1134 3063 qui
1168 2979 1201 3044 in
1227 3010 1236 3051 1

137 3082 248 3142 monte
278 3079 505 3160 consederant,
538 3101 579 3145 ex
609 3081 834 3165 superioribus
868 3083 950 3162 locis
973 3083 1008 3149 in
1031 3084 1201 3170 planitiem

137 3185 337 3250 descendere
369 3192 468 3271 atque
499 3207 593 3251 arma
617 3188 764 3272 proicere
787 3188 893 3256 iussit.
941 3192 1029 3275 quod
1051 3192 1109 3257 ubi
1132 3193 1239 3268 sine2

134 3293 342 3360 recusatione
365 3295 513 3363 fecerunt
536 3296 709 3380 passisque
724 3297 844 3381 palmis
863 3297 1000 3382 proiecti
1023 3299 1066 3364 ad
1081 3304 1202 3365 terram

136 3400 250 3466 flentes
275 3403 317 3466 ab
342 3423 379 3467 eo
403 3401 546 3468 salutern
570 3402 772 3488 petiverunt,
789 3405 979 3471 consolatus
1002 3427 1203 3492 consurgere

134 3507 231 3576 iussit
253 3515 286 3576 et
308 3531 417 3595 pauca
450 3514 539 3595 apud
567 3533 624 3577 eos
647 3514 688 3577 de
712 3512 846 3579 lenitate
878 3535 939 3579 sua
967 3513 1108 3597 locutus,
1137 3537 1202 3600 quo

134 3615 260 3683 minore
291 3624 400 3684 essent
427 3618 554 3702 timore,
587 3642 701 3686 omnes
730 3622 941 3688 conservavit
975 3623 1201 3709 militibusque

136 3723 205 3788 suis
229 3725 486 3808 commendavit,
516 3750 558 3794 ne
581 3729 639 3814 qui
662 3751 774 3795 eorum
809 3730 998 3813 violaretur,
1033 3754 1098 3798 neu
1122 3733 1202 3817 quid

134 3827 188 3893 sui
205 3833 440 3903 desiderarent.
487 3839 552 3906 hac
572 3838 721 3912 adhibita
740 3839 913 3926 diligentia
936 3863 976 3907 ex
1000 3842 1119 3909 castris
1138 3841 1205 3906 sibi
1224 3874 1243 3913 e,
